2300 3834
132 55 704 148 11·rrtn8eeun1›us.
755 25 885 144 '209‘3

18 184 53 228 nra
70 167 182 245 ingenii.
218 173 315 232 multae
336 171 455 232 htanren
477 175 547 234 artis.
586 171 640 231 Sed
675 171 740 230 curn
768 170 901 231 venerisn
915 180 1003 240 teani

18 247 128 306 nvitun
141 258 170 312 te
185 249 307 322 putabo,
328 248 349 309 sr
364 249 478 310 Sallustii
493 248 685 327 Empedoclea
699 247 877 328 legetisrho·
884 258 931 310 «111ο
941 244 996 306 MS,

18 323 184 383 ninemnon
197 325 310 401 putabo.
341 326 430 385 .Vale.

260 481 528 530 EPISTOLA
559 484 624 532 xli.

91 694 94 698 ,
170 617 377 680 truncus
404 617 657 696 ornatur
685 617 712 680 s.

18 769 120 880 GAu
129 791 149 830 u
159 789 204 830 no
225 772 274 832 tibi
286 770 420 848 jucundas
433 769 486 830 esse
501 787 575 830 meas
589 771 708 833 litteras:
720 789 773 833 nec
785 784 882 833 tamen

77 844 226 907 habuissem
247 849 379 908 scribendi
400 866 475 908 nunc
495 849 610 925 quidem
632 851 718 908 ullum
733 867 882 924 argumen-

18 937 88 992 tum,
107 927 156 985 nifi
168 939 228 984 tuas
248 925 420 1002 accepissem.
458 943 525 984 nam
547 925 614 1000 prid.
635 925 672 984 id.
693 926 759 984 curn
774 926 881 1001 Appius

18 1001 133 1060 senatum
149 1002 370 1076 linfrequentem
392 999 546 1076 co'e‘gisiet,
579 1012 687 1060 tantum
714 1002 765 1060 fuit
779 1003 861 1076 frigus
871 1011 897 1070 ,i
911 1009 974 1076 freq.

18 1078 149 1154 utpopuli
163 1079 295 1136 convicio
309 1077 421 1136 coaetus
435 1075 466 1135 fit
480 1095 531 1136 nos
545 1076 692 1136 dimittere.
712 1077 779 1136 Det
789 1081 877 1137 Corn·
888 1078 963 1151 MS„
1032 1140 1036 1148 ,

21 1169 134 1228 mageno
155 1169 220 1230 rege
241 1153 319 1230 quod
339 1153 413 1212 ¹renr
434 1164 524 1212 totam
545 1149 741 1224 discussetanr,
763 1136 1035 1214 mirificek⁴1¹²⁸⁰²

19 1231 83 1295 mihi
103 1233 133 1289 ὃ(
151 1247 200 1308 per
221 1229 248 1289 se
275 1232 304 1288 δε
325 1247 373 1304 per
403 1229 594 1304 Pomponium
614 1228 748 1290 blanditur
763 1231 878 1307 Appius.
888 1213 1004 1313 weg&

19 1305 99 1374 Videt
112 1309 206 1378 enim,
225 1308 282 1366 hoc
297 1323 396 1382 genere
410 1305 520 1445 dicenffi
534 1305 554 1364 fi
569 1318 629 1365 utar
643 1308 671 1366 in
685 1308 784 1366 'ceteris
798 1349 808 1376 ‚
828 1309 880 1365 Fe·
891 1339 1001 1374 marene.

20 1381 150 1444 bruttium
172 1383 290 1442 sterilem
305 1383 452 1442 futurum:
474 1400 490 1442 e
511 1400 596 1459 mque
614 1381 664 1442 lusi
679 1381 776 1458 jocose
795 1383 854 1442 satis
875 1389 901 1442 :1
917 1391 1024 1436 arietem
1124 1423 1132 1436 .

22 1475 107 1534 neque
125 1457 213 1519 solum
235 1455 301 1518 illud
323 1459 422 1518 extorsi
442 1459 630 1534 oppidulum,
649 1459 727 1536 quod
742 1471 799 1518 erat
813 1447 976 1534 postulunt

23 1544 78 1596 tunt
93 1537 156 1596 rain
169 1536 312 1619 Euphrate
326 1535 356 1596 &
374 1535 551 1612 Zeugmate:
571 1534 617 1596 sed
636 1548 769 1612 praeterea
789 1548 888 1672 togfialrxn1
911 1608 916 1618 .
1016 1629 1020 1636 Ι

27 1762 87 1814 nnus
97 1762 133 1816 sua
144 1765 260 1832 posr'rnata
269 1763 392 1834 scripsisse,
408 1766 427 1817 is
438 1765 549 1828 iuditium
559 1765 642 1830 Qpinti
652 1761 814 1830 reprehendat.
831 1779 890 1814 narn

28 1824 125 1893 suspicari
137 1829 277 1896 possumus,
293 1847 347 1881 curn
363 1843 412 1896 quo
426 1832 503 1882 modo
519 1831 595 1894 potest
611 1845 665 1878 eum
681 1844 773 1882 tueatur
784 1831 809 1880 δι
822 1841 891 1878 ornet

30 1893 64 1942 M.
75 1894 177 1952 Cicero,
193 1908 246 1943 non
258 1895 327 1944 valde
343 1893 396 1958 (ersi
407 1894 581 1944 videaturillud
597 1892 749 1954 confirmare)
765 1892 842 1942 fratria
858 1893 896 1954 ju-

28 1951 84 2004 dicio
94 1956 123 2007 de
134 1958 177 2006 hae
187 1972 214 2008 re
222 1956 321 2008 stetisse:
338 1955 437 2008 noluisse
447 1971 530 2008 tamen
540 1955 652 2006 iracundo
663 1955 756 2006 homini
766 1953 892 2004 adversarir

30 2020 67 2079 qui
76 2017 188 2078 fortasse,
205 2019 271 2083 quod
283 2019 330 2085 ipse
346 2035 443 2086 quoque
461 2020 537 2070 versus
552 2020 684 2077 scribebat,
705 2017 798 2068 invidia
813 2031 896 2068 motus

30 2093 104 2132 rerum
123 2099 174 2132 non
189 2083 305 2133 videbat:
325 2086 402 2146 potuit
417 2097 499 2134 tamen
513 2082 545 2132 fic
561 2083 681 2142 judicare,
698 2081 764 2146 quod
775 2082 896 2130 Lucretius

31 2145 114 2206 poema
130 2145 196 2196 suurn
214 2147 422 2204 nonteontexuit,
442 2159 468 2194 ut
485 2146 608 2210 ingenium
626 2148 676 2206 ejus
695 2144 829 2200 elucescat,
856 2141 897 2192 sed

34 2209 143 2280 rationem
154 2210 183 2322 ab
193 2210 297 2273 Epicuro
306 2209 419 2258 traditam
434 2208 527 2259 summa
544 2207 654 2258 industria
670 2210 696 2258 δι
706 2205 806 2257 artificio
814 2206 897 2271 expli·

33 2280 96 2322 τινα.
131 2277 156 2320 Vi
176 2291 208 2323 or.
472 2284 475 2288 '
565 2299 567 2304 ·

33 2389 40 2404 ·
61 2348 95 2389 tr.
115 2340 190 2385 Virum
200 2350 220 2383 te
227 2337 303 2400 parabo
313 2335 371 2396 ou]
386 2334 413 2386 ld
424 2335 471 2394 est,
487 2335 577 2386 sortem
592 2336 618 2385 &
628 2333 773 2398 paritatem,
788 2333 813 2382 δι
825 2329 898 2380 malie
929 2375 932 2382 .

33 2396 153 2456 ruristum,
165 2400 186 2459 fi
195 2403 288 2462 potueris
294 2399 367 2458 ferre,
379 2399 406 2448 td
416 2399 464 2456 est,
479 2400 596 2464 patienter
607 2400 685 2462 segete
695 2395 733 2444 seu
754 2393 834 2444 audire
844 2406 896 2443 tam

35 2456 152 2510 indoctum
164 2463 252 2526 po'e'ma
264 2479 270 2510 :
287 2466 393 2510 hominem
401 2480 442 2510 non
451 2463 527 2536 putabo
539 2478 547 2519 ς
564 2459 651 2516 idest,
672 2458 760 2523 putabo
776 2471 800 2506 te
816 2457 898 2506 omnia

34 2515 181 2574 humanitatis
191 2537 328 2590 expertem,
343 2523 434 2583 ferum,
450 2537 602 2580 immanem,
624 2522 661 2574 seu
676 2520 751 2583 sensus
766 2533 898 2584 expertem.

34 2587 127 2636 Lambiu.
161 2593 274 2654 Hominem
289 2606 330 2636 non
342 2591 447 2650 putatu]
473 2593 544 2637 Forte
554 2584 671 2652 scripserat
682 2585 797 2650 Questus
811 2582 899 2632 reditu-

34 2660 81 2697 rum
90 2647 112 2700 se
121 2650 166 2700 esse
177 2653 203 2700 in
214 2651 309 2707 urbem,
319 2665 374 2700 curn
382 2647 474 2716 legisset
485 2666 527 2707 ea,
544 2667 595 2716 quae
606 2645 894 2718 SallustiusEmpedocleo

35 2713 207 2763 moreversrbus
221 2714 370 2766 metaverat.
401 2729 456 2764 earn
470 2715 582 2764 morandi
598 2711 693 2762 causarn
714 2717 748 2764 M.
760 2710 899 2760 Cicerode·

35 2775 158 2834 prehendit.
192 2777 290 2833 Virum,
304 2777 395 2839 inquit,
410 2776 552 2840 reputabo,
568 2788 623 2826 corn
635 2776 744 2824 veneris:
765 2772 782 2822 fi
796 2772 898 2823 Sallustii
935 2822 938 2834 ,

35 2838 190 2901 Empedoclea
207 2839 292 2904 legeris
312 2839 437 2888 hominem
450 2854 501 2888 nou
512 2838 608 2902 putabo.
642 2836 729 2886 Laudis
740 2839 805 2886 enim
816 2835 848 2886 est
861 2837 899 2883 vi-

35 2913 83 2949 nnn
93 2903 190 2958 vocari3
211 2903 336 2952 hominem
354 2917 405 2950 non
420 2903 487 2958 irena.
502 2902 558 2965 quia
575 2935 583 2958 ‚
600 2903 624 2949 in
642 2902 726 2965 quibus
743 2901 817 2948 etiam
837 2898 899 2948 nihii

35 2959 127 3021 laudes,
144 2965 253 3014 homines
263 2979 346 3014 tamen
356 2964 424 3021 suntt
441 2966 483 3029 qus
493 2963 551 3014 verb
559 2962 590 3013 de
601 2963 736 3013 hominibus
755 2957 809 3025 ipsis
819 2962 900 3010 excel·

35 3023 95 3082 lunt,
111 3030 174 3076 viros
184 3044 238 3078 cum
249 3027 319 3077 laude
329 3029 490 3078 nominamur.
522 3030 603 3091 itaque
619 3029 644 3076 in
659 3032 750 3082 Bruto,
770 3026 820 3071 Vidi
834 3057 842 3082 ,
857 3025 899 3074 in-

35 3090 96 3148 quit,
112 3093 226 3152 Mitylenis
242 3095 333 3148 virum,
348 3094 374 3145 ὰ
390 3093 443 3140 vidi
455 3093 518 3154 piane
534 3093 618 3140 virum.
635 3089 702 3138 &ad
715 3083 893 3151 Att.epist.15-

34 3148 72 3200 lib.
83 3167 104 3202 v.
121 3161 139 3200 0
150 3159 225 3202 uirum
236 3189 243 3213 ‚
260 3174 271 3202 o
282 3159 366 3211 civem,
388 3158 524 3204 Memmium.
547 3155 572 3203 &
583 3151 644 3217 apud
655 3152 791 3202 Terentium
806 3151 832 3200 in
843 3154 894 3201 He·

33 3224 97 3276 cyra:
111 3222 145 3264 Tu
154 3222 229 3266 virum
240 3235 285 3273 me,
300 3233 338 3264 aut
350 3221 455 3266 hominem
465 3219 552 3279 deputas
561 3219 612 3262 adeo
623 3215 681 3275 effe?
699 3220 722 3264 l’.
731 3217 824 3264 Manut.

65 3293 100 3333 52.
117 3287 143 3326 In
154 3285 260 3344 Euphrate
274 3282 300 3333 ὑ·
315 3286 449 3344 Zeugmate]
481 3279 528 3330 Pal.
540 3293 574 3343 pr.
591 3281 616 3325 ι’»
630 3281 737 3342 Euphrate
752 3278 778 3329 sa
793 3287 898 3338 eugmate.

35 3343 156 3402 quomodo
173 3346 217 3396 sec.
229 3346 255 3394 δι
271 3354 324 3393 tert.
342 3343 386 3394 nisi
397 3343 464 3407 quod
482 3341 555 3392 ambo
569 3344 673 3404 eugtmre.
688 3341 770 3391 tertius
788 3351 898 3402 praterea

35 3402 145 3467 Euphrati.
156 3421 180 3461 at
192 3407 373 3472 essequam,
387 3409 412 3458 iu
421 3409 529 3472 Euphrati
538 3409 661 3468 zeugmate.
677 3409 703 3460 r.
708 3403 831 3460 Manutius
845 3401 901 3519 νιιιὲ1
