2300 3834
255 83 339 148 2106
399 82 512 150 Enrsr.
536 97 586 145 ao
608 79 782 161 Qururuu
804 81 998 150 Faunum

25 251 27 257 ,
179 223 182 235 ·
250 193 368 254 nullum.
406 193 443 252 fic
458 193 532 252 enim
547 191 667 258 habeto;
697 207 852 268 numquam
876 209 927 252 me
953 193 972 254 a
996 192 1075 254 causis
1095 191 1149 296 &q

100 268 226 322 tumeo.
246 269 356 346 judiciis
380 266 585 330 idisiri'siiorem
607 265 709 326 fuisse:
743 275 827 345 atque
848 269 880 328 id
901 271 976 330 anni
1008 285 1121 346 ternpore
1147 299 1149 338 r

23 417 26 426 μ
100 335 155 384 ³⁶5·
249 347 406 422 graviffimo
433 348 463 404 δι
484 344 617 404 caloribus
631 345 774 404 maximis:
806 344 861 420 Sed
882 345 954 404 haec
983 347 1120 424 (quoniam

247 434 278 481 tu
292 424 329 482 ita
345 421 502 498 praescribis)
521 421 634 480 ferenda
646 421 729 480 sunt:
750 437 842 498 neque
862 423 1121 494 committendum,
1148 489 1149 492 Ἴ

246 511 279 558 ut
292 512 339 558 aut
351 499 405 576 spei
414 527 430 570 ,=
442 511 490 558 aut
503 497 665 572 cogitationi
679 497 774 556 vestrae
789 515 843 572 ego
863 497 967 558 videar
994 498 1119 560 defuiffe:
1148 517 1149 560 ξ

99 571 240 626 katttr'atd.
305 575 395 636 sertim
409 593 493 646 curu,
513 572 639 634 ¹¹tarnetfi
654 571 684 634 id
696 573 829 634 difficilius
842 574 929 634 fuerit
946 618 956 646 ,
978 588 1080 636 tamen
1096 592 1121 632 ex
1146 565 1149 648 i

268 668 304 709 oc
326 651 419 712 labore
442 669 573 728 magnam
602 651 717 726 gratiam
752 667 946 727 magnamque
965 652 1121 730 dignitatem

248 726 299 786 fim
315 729 484 790 colledurus.
523 727 644 804 ltaque,
673 740 703 784 ut
723 727 772 786 tibi
792 728 905 802 placet,
936 727 1047 788 damus
1068 746 1122 805 ope·
1147 741 1149 814 J

247 821 326 873 ram,
345 822 381 864 ne
395 807 473 881 cujus
486 803 612 864 animum
628 801 819 874 offendamus,
838 815 925 879 atque
941 817 976 864 ut
995 803 1121 865 etiamab
1148 815 1149 818 ’

247 879 279 938 iis
292 880 371 956 ipss,
390 884 439 961 qui
453 896 504 940 nos
518 895 584 940 curn
609 877 715 938 Caesare
735 891 795 939 tam
816 881 994 955 coniunctos
1018 882 1120 950 dolent,

98 951 203 1026 lm
248 955 414 1034 diligamur:¹
430 957 463 1017 ab
485 957 571 1033 aequis
592 953 699 1026 luero,
719 964 767 1014 aut
788 957 870 1014 etiam
893 955 910 1014 d
934 959 1084 1034 propensis
1098 957 1121 1016 iu

98 1017 318 1094 “mumdum
331 1047 437 1110 partem
454 1029 635 1092 vehementer
648 1029 677 1085 8³
687 1035 716 1091 δι
731 1031 904 1102 colamur,&
914 1052 1066 1094 amemur,
1084 1035 1121 1092 De

245 1109 350 1170 ambitu
364 1109 428 1170 ciam
443 1106 607 1170 atrociffimt
621 1121 745 1184 ageretur
763 1109 792 1167 in
814 1107 909 1168 senatu
925 1111 1041 1172 multos
1056 1111 1120 1180 diu,

247 1185 325 1262 qubd
339 1189 377 1246 ita
398 1199 475 1247 erant
492 1184 621 1263 progredi
641 1185 777 1246 candidati
798 1185 984 1257 consulares,
1005 1200 1040 1247 ut
1067 1205 1118 1248 nou

39 1289 40 1296 ο
97 1277 124 1314 m
139 1263 241 1314 interea
248 1259 314 1322 eslet
327 1261 518 1332 mferendum,
538 1263 567 1321 in
580 1261 675 1320 senatu
689 1279 747 1321 non
761 1261 810 1322 fui.
847 1255 939 1320 Statui
962 1265 1011 1324 ad‘
1024 1264 1120 1323 nullam

98 1325 157 1376 ‘¹⁰¹¹‘
166 1331 219 1376 MS·
246 1339 417 1400 medicinam
437 1337 594 1414 reipublicae
615 1336 672 1397 sine
694 1353 803 1412 magno
823 1337 956 1412 praesidio
980 1341 1121 1400 accedere.

247 1417 317 1491 Quo
332 1416 377 1476 die
392 1417 454 1476 haec
468 1413 574 1490 scripsi,
593 1413 697 1482 Drusus
719 1427 776 1472 erat
796 1413 831 1472 de
852 1415 1123 1490 praet'aricationei

6 1491 20 1566 Ἰ
98 1497 117 1531 ¹¹
132 1482 205 1532 '¹²⁶³
245 1493 357 1552 tribunis
370 1493 492 1552 naerariis
505 1490 658 1559 absolutus,
677 1491 707 1549 in
719 1490 844 1560 summa,
864 1503 1005 1567 quattuor
1020 1493 1124 1552 senten·

9 1567 36 1614 J
97 1545 159 1656 ‘²12¹
199 1568 367 1659 alstiiscbm
390 1569 526 1629 senatores
546 1568 695 1644 &equites
710 1563 908 1626 ⁰damnailent.
937 1569 1007 1644 Ego
1022 1571 1120 1629 eodem

97 1621 198 1720 ‘Jugm
232 1644 292 1702 'die
306 1645 365 1719 post
379 1645 524 1704 meridiem
538 1643 682 1702 Vatinium
698 1643 808 1702 aderam
824 1643 998 1706 defensurus.
1040 1665 1072 1704 ea
1087 1663 1122 1705 ret
1147 1697 1148 1700 ,

246 1721 332 1779 facilis
345 1721 390 1780 est.
420 1722 543 1780 Comitia
557 1719 725 1778 inmensem
740 1719 815 1795 Sept.
829 1719 930 1794 rejecta
945 1719 1022 1781 sunt
1043 1724 1120 1782 Scau·

244 1797 267 1855 ri
276 1797 414 1872 judicium
426 1797 515 1858 statim
530 1796 723 1854 exercebitur:
751 1797 797 1855 cui
815 1813 867 1854 nos
888 1814 949 1855 non
973 1797 1120 1858 deerimus
1147 1809 1149 1828 ¹

178 1905 184 1917 x
244 1871 413 1940 συνδείπνους
432 1873 625 1945 Σοφοκλέους,
644 1889 815 1950 quamquam
836 1871 852 1931 *a
873 1884 903 1930 te
921 1873 1020 1934 aetam
1042 1875 1120 1934 fabel-

243 1949 299 2008 lam
321 1950 405 2010 video
427 1949 480 2010 elle
501 1947 620 2018 festiue,
646 1947 724 2007 nullo
747 1947 836 2007 modo
858 1947 986 2022 probaui.
1028 1951 1119 2012 Venio

244 2043 319 2084 nunc
333 2027 368 2086 ad
382 2027 429 2096 id,
449 2026 525 2104 quod
539 2024 631 2084 nescio
645 2039 679 2082 an
695 2025 814 2100 primum
837 2021 890 2082 effe
913 2023 1056 2086 debuerit.
1091 2029 1116 2086 0

128 2094 154 2147 ²·
173 2096 200 2144 Β·
238 2102 376 2178 jucundas
390 2105 459 2164 mibi
472 2117 530 2162 tuas
545 2101 581 2162 de
594 2097 733 2176 Britannia
746 2101 845 2160 litteras
855 2105 861 2158 l
871 2102 1013 2163 timebam
1032 2105 1118 2163 Ocea·¹

241 2196 328 2250 num,
348 2181 481 2240 timebam
494 2179 556 2238 litus
571 2177 672 2239 iusulae.
692 2177 809 2254 Reliqua
824 2195 883 2236 non
898 2179 1040 2254 equidem
1056 2199 1119 2240 con·

242 2267 367 2326 temno,
399 2257 445 2318 sed
464 2256 525 2332 plus
553 2253 656 2312 habent
676 2265 769 2312 tamen
800 2253 855 2328 spei
874 2253 963 2330 quam
996 2259 1116 2324 timoris,

243 2333 384 2410 magisque
404 2333 463 2393 sum
483 2331 611 2393 sollicitus
633 2329 835 2406 exspectatione
857 2347 891 2388 ea
916 2329 1011 2408 quim
1036 2345 1115 2470 meque

1093 2425 1109 2467 e

234 2617 307 2655 mann
327 2607 417 2657 litteras
438 2606 571 2672 acceperis,
588 2604 760 2672 nequidquam
771 2605 816 2656 otii
832 2620 871 2656 me
879 2605 994 2670 ¹babuisse
1006 2610 1111 2668 iudicatur

229 2684 290 2718 nrm
299 2685 377 2719 aurern
389 2669 456 2726 mea,
473 2677 503 2718 n'e
515 2672 615 2720 nullum.
633 2685 688 2719 eum
700 2681 775 2726 utor,
795 2669 896 2734 inquit„
916 2669 1012 2722 librarii
1029 2687 1111 2729 manu,

225 2731 323 2796 [morsus
334 2735 377 2782 orii
389 2734 447 2782 nibil
463 2732 554 2790 habeut
571 2748 625 2782 eum
636 2746 717 2782 autern
734 2729 789 2782 mei,
804 2732 917 2782 nonnihil
932 2733 974 2787 hic
993 2733 1112 2802 significari

230 2795 403 2846 demonstratur
413 2796 476 2849 iufra
487 2797 557 2848 initio
569 2812 592 2848 a.
604 2794 669 2859 epist.
687 2795 729 2846 lib.
738 2809 784 2844 ιιι.
799 2793 832 2844 sie
844 2795 911 2844 enirn
924 2794 959 2845 ibi
974 2798 1010 2848 est
1024 2817 1031 2846 a
1055 2807 1111 2847 oue·

227 2865 340 2923 personum
349 2878 444 2908 mearum
453 2859 534 2926 lignum
544 2860 586 2907 rili
596 2859 627 2918 fit
637 2859 726 2925 libraqir'
736 2873 829 2916 anamma
841 2855 989 2923 causamque
1003 2859 1111 2912 subscribit

229 2926 391 2989 occupationis
403 2923 483 2972 hanc:
500 2927 568 2970 Diem
580 2923 635 2984 scito
652 2921 690 2981 effe
704 2923 810 2976 nullum,
828 2937 868 2984 qno
885 2919 921 2969 dte‘
934 2940 978 2972 nara
996 2926 1069 2973 diem
1080 2937 1110 2986 γ’·

168 3021 171 3048 ,
229 3005 271 3036 m.
305 2994 375 3037 Hane
388 2987 461 3051 igitur
478 2983 603 3048 epistolam
616 2981 795 3044 librarii'manu
812 2980 900 3046 scripsit
919 2985 1012 3034 Cicero
1030 3003 1037 3034 ι
1062 2999 1109 3035 nant

227 3051 299 3099 inferi
310 3052 349 3101 bic
359 3065 470 3114 quoque:
487 3053 525 3097 Sic
534 3049 606 3094 balcio
619 3081 627 3102 ‚
642 3061 753 3110 nunquam
764 3046 824 3092 meai
841 3047 908 3104 caasss
924 3049 961 3099 ab.
968 3043 1068 3110 judiciis
1081 3051 1109 3095 di·

222 3113 352 3172 stristimaa
365 3114 437 3172 fus'ffe.
454 3117 482 3161 ln
494 3108 593 3176 epistola
605 3109 678 3158 etiam
696 3107 845 3158 adriaticum
859 3125 898 3166 ις.
915 3109 957 3161 lib.
967 3125 1005 3164 ru.
1024 3111 1107 3178 lignun

183 3223 187 3231 ,
231 3174 322 3224 airesl‘e
331 3177 514 3239 occupationum
526 3171 613 3222 librarii
625 3187 734 3222 manum.
768 3176 794 3220 Ρ.
802 3173 892 3219 Manat.

263 3245 299 3294 τι.
315 3241 465 3296 &calamum
486 3233 608 3296 Nusquam
622 3235 668 3284 lide
681 3233 798 3285 sententis
809 3233 946 3298 usurpatum
960 3269 968 3291 ,
984 3235 1053 3300 quod
1065 3245 1107 3284 me·

230 3301 357 3358 minerirn,
372 3299 524 3348 hocverbuna
536 3298 624 3348 inveni.
659 3299 724 3346 venit
740 3299 765 3347 in
781 3310 911 3353 mentem,
930 3312 989 3348 eum
1006 3297 1107 3361 sequatur

229 3367 382 3478 mmm
392 3360 502 3434 scalptum
517 3359 581 3420 forte
595 3361 612 3418 i
627 3361 765 3422 Cicerone,
787 3363 814 3417 b
830 3363 945 3435 utamur,
962 3363 990 3416 b
1007 3377 1105 3410 mm.

983 3495 1020 3550 84.
1035 3493 1091 3548 Nam
