2298 3854
247 135 328 206 2032
390 115 504 188 Emer.
532 135 585 184 m>
612 116 786 202 Qnrnrmr
816 114 1004 185 Fnarnmr

133 253 160 302 r.
179 252 206 303 a.
244 239 389 308 animum,
408 253 482 297 nere
494 247 523 295 te
537 234 636 304 obrui,
648 245 793 312 tamquam
808 231 913 304 findo,
932 235 975 302 lic
991 245 1129 320 magulfus

244 313 310 373 dine
325 316 430 390 negotii
444 313 535 373 finan:
556 325 709 399 contraque
730 311 815 402 erigas
847 328 881 371 ac
909 311 1047 400 resistas,
1070 321 1126 384 fine

171 415 174 422 ·
243 391 328 449 etiam
351 393 423 449 ultro
445 406 571 450 occurras
593 401 721 464 negotrrs.
760 390 862 464 Neque
887 405 968 449 emm
986 395 1125 470 ejusmodi

243 480 350 542 partem
363 468 520 543 reipublicae
534 465 603 540 getis
618 507 628 534 ‚
647 465 677 524 in
691 481 747 540 qua
760 467 872 524 fortuna
885 465 1126 544 dominetur‚sed

138 543 142 550 '
198 543 270 613 ain
285 553 339 620 qua
355 545 505 620 plurimum
520 543 590 600 ratio
602 540 684 616 poffit
697 543 729 600 dt
742 540 890 616 diligentia.
934 545 1125 621 Quodfiffi

195 678 197 682 ,
243 619 345 679 bellum
366 619 479 697 aliquod
500 635 635 694 magnum
662 618 692 676 δι
713 617 897 693 periculosum
919 620 1124 689 administranti

242 691 421 774 prorogatum
430 697 579 772 imperium
592 693 717 754 viderem
725 716 734 761 ;
749 706 901 756 tremerem
915 699 1124 781 animo,qodd

244 773 347 834 eodem
362 785 491 850 ternpore
504 769 558 831 esse
572 770 754 846 intelligerem
763 771 846 831 etiam
861 774 995 834 fortunae
1011 783 1125 854 potesta.

239 859 299 909 tem
313 852 343 910 in
356 869 408 916 nor
421 855 606 926 prdrogatam.
646 847 732 906 Nunc
746 845 814 906 verit
829 865 861 907 ea
875 866 939 925 pars
956 851 1017 913 tibi
1039 859 1123 934 reipu-

238 923 319 986 blicae
334 923 479 987 commiffa
494 925 548 994 est,
567 927 597 983 in
618 941 673 1000 qua
686 934 735 982 aut
748 923 852 984 nnllam
872 937 923 986 aut
936 934 1122 1010 perexiguam

93 986 206 1098 {⁸⁰2⁶st
238 1015 345 1078 partem
361 1004 471 1063 fortuna
485 1001 602 1070 htenet,
622 1003 652 1059 δι
672 1017 738 1077 qnae
758 1001 828 1060 mihi
848 1011 907 1088 tota
923 1003 956 1064 in
971 1017 1028 1066 tna
1045 1013 1123 1071 viru-

115 1071 170 1106 ‘'¹''
234 1091 268 1140 re
294 1097 326 1138 ac
350 1081 544 1140 moderatione
557 1079 644 1138 animi
663 1075 750 1152 polita
770 1073 824 1136 esse
844 1078 988 1140 ardeatur.
1033 1087 1121 1149 Nulla

128 1185 131 1200 ›
235 1158 399 1234 (utopinor)
413 1155 519 1215 insidias
532 1155 652 1213 bostium
661 1153 874 1229 ,nullampraelii
887 1154 1119 1236 dimicationem,

188 1237 190 1242 '
213 1268 216 1274 ·
234 1233 339 1293 nullam
355 1233 543 1294 desectionem
557 1229 715 1300 sociorum,
733 1230 839 1318 nullam
854 1231 996 1318 inopiam
1027 1239 1120 1317 stipem

234 1310 273 1370 dii
292 1323 340 1369 aut
359 1312 398 1369 tei
418 1310 628 1376 frumentariae,
647 1306 751 1366 nullam
785 1306 954 1369 seditionem
981 1319 1119 1378 exercitt,

235 1387 468 1463 pertimescimus:
488 1403 553 1463 quae
566 1384 686 1460 persaepe
699 1382 894 1460 sapientissimis
917 1388 991 1448 viris
1015 1396 1118 1455 atride.

234 1476 325 1534 runt,
351 1475 410 1534 ut,
436 1461 677 1541 quemadmodum
701 1461 895 1536 gubernatores
920 1467 1039 1539 optimi
1066 1475 1116 1532 vim

232 1540 400 1616 tempestatis
413 1535 431 1609 ’,
458 1539 495 1598 lie
521 1539 702 1598 illi‘sormnae
728 1539 865 1614 impeturn
893 1536 1037 1615 superare
1065 1565 1117 1610 non

231 1614 348 1691 pollent.
387 1616 455 1676 Tibi
468 1615 530 1675 data
543 1613 581 1674 est
600 1613 709 1672 summa
730 1619 808 1689 pax,
833 1613 945 1675 summa
961 1627 1119 1704 tranqnffli-

232 1705 296 1752 tas:
315 1695 353 1752 ita
372 1706 485 1762 tamen,
505 1703 590 1752 ntea
610 1691 799 1750 dormientem
818 1691 1051 1768 gubernatorem
1078 1701 1117 1763 rel

102 1803 116 1812 ··
195 1783 210 1840 ς
238 1770 378 1840 obruere,
405 1769 565 1845 vigilantem
585 1769 668 1826 etiam
696 1765 833 1827 delettare
864 1767 959 1844 possit.
980 1837 983 1844 ,
1005 1775 1119 1839 Constat

234 1847 310 1906 enirn
333 1864 365 1906 ea
385 1845 530 1924 provincia
551 1843 670 1921 primum
695 1861 734 1932 ‘ex
756 1861 793 1903 eo
817 1862 919 1920 genere
941 1845 1118 1928 sociorum,
1145 1902 1146 1905 ,

194 1943 196 1947 ·
254 1922 312 1982 uod
332 1924 424 2004 estex
444 1922 593 1981 hominum
623 1937 703 1981 omm
730 1937 832 1997 genere
852 1921 1117 1994 humanissimum:

207 2010 209 2016 ’
231 1939 333 2058 :scinde
349 1997 383 2058 eit
406 2016 441 2058 eo
462 2015 564 2075 genere
585 1997 713 2068 civium,
733 1998 781 2076 qni
794 2009 859 2068 aut,
873 1999 954 2077 quod
972 2007 1119 2079 publicani

233 2073 312 2144 suot,
322 2085 332 2129 5
342 2094 394 2136 nos
407 2076 515 2136 summa
530 2073 725 2135 neceffitudine
738 2075 877 2152 attingunt
887 2091 972 2148 ,aut,
982 2083 1069 2158 quod
1082 2087 1119 2145 ita

230 2153 426 2228 negotiantur,
445 2165 476 2212 ut
488 2151 640 2228 locupletes
653 2151 723 2220 fint,
741 2149 825 2210 nostri
845 2153 1009 2218 consulatus
1031 2161 1119 2222 bene-
1147 2227 1148 2234 ἵ

231 2226 298 2288 ficio
312 2229 339 2288 se
350 2231 507 2288 incolumes
525 2230 648 2288 fortunas
660 2227 761 2287 habere
780 2227 950 2290 arbitrantur.

231 2379 233 2384 Ι
269 2303 305 2365 ΙΙ.
325 2307 380 2366 Ar
404 2325 503 2365 turm
525 2307 596 2366 inter
615 2305 667 2364 hos
686 2303 904 2391 ipsosnexsrslunt
923 2323 1030 2383 graves
1046 2332 1118 2374 con.

228 2381 370 2443 troverliae
389 2426 397 2453 ‚
415 2384 511 2442 multae
532 2382 678 2442 nascuntur
691 2382 823 2457 inJ'unae,
850 2399 963 2460 magnae
988 2405 1115 2452 conten.

226 2460 318 2519 tiones
332 2459 548 2538 consequuntur.
585 2457 672 2533 Quali
686 2455 756 2516 vero
778 2473 832 2534 ego
852 2459 881 2518 id
901 2475 1033 2536 putem,
1054 2487 1117 2528 non

229 2547 259 2594 te
271 2537 442 2612 aliquantum
465 2536 571 2612 negotii
592 2534 728 2594 sustinere.
770 2533 859 2596 lntelli
878 2551 899 2594 o
917 2553 1116 2618 permagnum

231 2608 284 2669 effe
319 2614 465 2688 negotium
499 2613 530 2670 ὃ(
561 2612 675 2670 maximi
705 2609 817 2670 consilli
856 2552 903 2671 sged
930 2631 1116 2692 memento,

84 2695 109 2742 1.
117 2685 335 2748 cerel-consilii
349 2706 396 2746 me
409 2689 466 2747 hoc
486 2689 631 2764 negotium
655 2683 708 2746 ess'e
730 2688 816 2764 magis
834 2686 1001 2765 aliquanto,
1022 2696 1115 2770 quim

188 2759 375 2835 ⁶sortunae,
401 2775 505 2841 putare.
544 2763 622 2840 Quid
642 2763 689 2824 est*
702 2765 779 2824 enim
811 2765 917 2840 negotii
958 2775 1118 2834 continere
1146 2833 1148 2846 ἲ

183 2903 186 2912 Δ
228 2859 295 2913 eos,
315 2843 413 2918 quibus
426 2841 540 2919 ptaeslS,
560 2841 623 2900 srte
637 2841 693 2916 ipse
709 2840 877 2900 contineas?
898 2841 930 2900 ld
951 2859 1055 2907 autem
1083 2851 1117 2910 lit

107 2931 134 2980 δι
146 2930 198 2990 qoi-
228 2935 360 2997 magnum
383 2921 413 2980 dt
440 2917 550 2978 difficile
571 2919 692 2988 ceteris,
717 2916 786 2978 ficut
807 2915 845 2978 est
858 2915 867 2962 ῑ
879 2917 1113 2986 difficillimum:

85 2991 141 3042 dem
151 2993 202 3046 diff.
1067 3005 1118 3066 [iffi

82 3056 147 3108 alii!
227 3077 231 3082 ·

224 3177 337 3275 antraque
347 3167 423 3276 αέα.
440 3165 476 3216 Sic
486 3162 516 3213 ad
527 3165 579 3214 Art.
590 3160 632 3213 lib.
643 3176 663 3212 r.
680 3165 783 3212 cianus·
793 3164 843 3212 vasa
852 3195 860 3223 ,
870 3163 1000 3230 perspiciens
1011 3168 1115 3233 impin

219 3242 233 3334 ,r
260 3241 587 3352 slsulllnossunffiwffimdlm
602 3292 731 3351 ottingun]
761 3287 966 3354 Nonsolmnqu‘ta
977 3292 1112 3354 mahlieeni

131 3393 134 3398 .
226 3352 318 3425 equites
327 3355 441 3410 erant,&
452 3368 482 3401 ex
493 3351 593 3415 equestri
604 3353 697 3402 familia
706 3365 776 3402 nanu
787 3367 836 3404 erar
847 3355 948 3412 Ciceror
965 3353 1110 3412 sedetiam

225 3430 268 3476 qur
284 3413 394 3464 ordinem
409 3413 540 3476 equestrem
554 3414 645 3476 semper
659 3414 796 3468 defenderat
818 3427 890 3484 atque
908 3431 1052 3470 ornarent.
1068 3423 1103 3474 ad
1135 3455 1140 3465 ι

226 3486 279 3528 Art.
289 3475 331 3528 lib.
339 3490 359 3530 ι.
376 3480 447 3542 derv.
464 3482 520 3530 Cat.
563 3483 589 3546 l>²
599 3482 686 3545 mar,

903 3536 906 3542 ’
1007 3547 1110 3606 aava
