2300 3834
227 100 753 190 L‘rne'a-Tsarrus.
859 127 940 196 2¹33

69 189 133 277 ὦτα
148 219 242 290 voles,
262 219 393 298 depones.
414 221 468 281 Sed
483 223 540 298 ejus
555 221 594 280 rei
607 221 958 298 maturitast’nequedurno
969 218 1074 300 necdum

68 296 145 354 venit
160 337 169 364 ‚
188 299 218 355 ὅ(
230 307 325 356 tamen
336 299 396 374 jam
412 301 620 375 appropinquat.
639 299 731 357 Etiam
744 297 810 356 illud
822 311 850 356 te
865 287 982 356 rad-“²‘'
994 289 1081 341 MS·
1136 323 1139 338 »

69 385 194 442 moneo,
214 374 319 450 nequid
332 375 391 434 ullis
403 375 498 433 litteris
511 375 670 442 committas
685 416 694 443 ,
713 373 791 452 quod
810 373 831 431 fi
845 363 956 449 prola-⁹
968 347 1084 424 admi

66 457 128 504 tum
149 447 181 506 sit
193 449 315 508 moleste
334 451 462 512 feramus.
503 450 590 508 Multa
609 449 686 520 sunt,
706 467 770 528 quae
786 466 840 524 ego
848 412 997 518 nesci-⁴¹¹⁸,

68 539 100 579 re
115 524 188 583 malo
214 525 299 602 quim
322 543 388 586 cum
403 529 496 604 aliquo
510 526 633 602 periculo
647 525 705 584 fieri
721 527 828 587 certior.
854 525 933 585 Plura
968 555 971 584 ;

67 597 103 656 ad
116 611 143 658 te
156 617 246 660 vacuo
261 602 356 662 animo
370 603 482 662 scribam
500 645 508 676 ‚
528 602 592 660 cum
614 602 663 678 (ut¹
676 601 766 678 spero)
789 601 815 660 se
829 602 931 661 Cicero

65 691 144 733 meus
158 676 226 735 belle
241 679 358 739 habebit.
394 679 443 738 Tu
456 680 541 736 velim
556 697 651 748 cures,
671 691 702 736 ut
715 679 815 748 iciam,
835 679 931 755 quibus
997 743 998 749 χ

64 768 118 808 uos
132 751 194 810 dare
208 767 335 886 oporteat
349 773 394 814 eas
408 797 417 825 ‚
435 771 502 832 quas
516 755 550 814 ad
565 765 594 813 te
609 755 709 812 deinde
719 755 822 813 litteras
837 757 931 814 mitte·

64 843 127 884 mus
142 847 148 886 :
171 829 221 886 Cae'
232 830 318 888 atisne
331 831 489 900 tabellariis,
502 841 539 910 ¹ut
551 832 572 889 is
586 830 620 889 ad
634 843 663 890 te
684 832 807 905 protinus
822 832 930 899 mittat,
1050 893 1053 904 ¹

61 919 99 960 an
115 903 237 964 Labieni.
277 907 332 965 Ubi
346 909 422 966 enirn
436 907 476 965 iiii
490 905 563 964 afint
583 907 704 975 Nervii,
724 908 754 964 &
767 905 852 982 qu'am
867 907 952 971 lon-i
968 893 1012 973 ⁶¹¹}
1026 899 1081 958 Μ

61 977 99 1054 gi
120 979 226 1050 absint,
254 981 355 1041 nescio.
395 984 441 1041 De
462 985 563 1056 virture·
584 985 614 1040 ilc
634 984 765 1057 gravitate
789 982 901 1040 Caesaris
918 963 1029 1052 ,''¹⁴‘”'·

60 1073 146 1130 quarn
160 1058 189 1115 in
202 1057 312 1117 summo
328 1059 425 1118 dolore
437 1055 612 1127 adhibuisset,
631 1073 761 1132 magnam
784 1075 817 1116 ex
833 1058 932 1134 episto-

58 1133 89 1190 la
102 1143 147 1191 tua
162 1135 273 1210 taccepi
288 1135 469 1209 voluptatem.
508 1131 596 1210 Qubd
610 1149 657 1191 me
677 1133 829 1193 institutum
845 1135 879 1193 ad
895 1135 947 1193 il·t
960 1140 1012 1202 cepi
1026 1142 1076 1192 alii.

57 1208 119 1267 lum
135 1215 237 1284 poema
249 1211 327 1286 jubes
341 1208 494 1286 perficere;
522 1209 571 1268 erfi
591 1208 719 1268 distentus
739 1209 803 1268 ciam
826 1207 927 1285 operi,

57 1295 120 1341 tum
136 1286 231 1344 animo
246 1286 323 1345 ⁸sum
339 1286 543 1362 multomagis,
563 1287 696 1362 quoniam
710 1297 804 1343 tamen
818 1303 852 1343 ex
868 1288 944 1360 epi-s
959 1293 1079 1340 aillinar-

56 1359 143 1430 stola,
184 1379 248 1420 uam
264 1362 298 1420 ad
312 1373 340 1420 te
355 1362 479 1421 miseram
496 1405 505 1432 ‚
525 1362 661 1436 cognovit
682 1361 796 1431 Caesar,
816 1379 863 1420 me
877 1357 1075 1420 apppmgumpost

8 1505 12 1512 ,
55 1436 126 1512 'quid
140 1379 192 1500 eide
207 1439 351 1506 exorsum,
371 1433 498 1500 revertar'
503 1437 538 1496 ad
552 1437 718 1499 institutum:
738 1437 823 1513 idque
844 1412 991 1512 perii-sum·

55 1513 130 1578 ciam
144 1514 185 1572 his
200 1513 428 1589 supplicationum
442 1513 472 1555 ⁶0
481 1513 573 1573 otiosis
584 1513 696 1573 diebus:
717 1514 813 1588 quibus
824 1512 925 1572 Messa-

54 1587 114 1646 lam
145 1591 205 1665 jam
227 1590 350 1650 nostrum
370 1591 544 1666 reliquosque
573 1587 696 1648 molestis
715 1589 820 1648 levatos
840 1590 924 1648 vehe-

52 1677 166 1722 menter
178 1666 308 1740 gaudeo:
329 1683 451 1743 eumque
472 1664 549 1758 quiid
569 1677 674 1724 certum
696 1665 835 1723 consulem
857 1683 923 1724 cum
964 1667 988 1717 Ρ·
1006 1670 1033 1718 B·

1 1775 2 1778 =
52 1739 188 1800 Domitio
203 1744 369 1811 numeratis,
388 1742 456 1802 nibil
476 1759 492 1800 a
514 1741 602 1800 nostra
627 1742 759 1818 opinione
775 1739 923 1802 dissentitis.

52 1815 120 1894 Ego
136 1816 279 1876 Mellalam
296 1819 396 1878 Caesari
398 1817 550 1952 spraestabo.
589 1817 642 1878 Sed
658 1818 810 1876 Memmius
825 1819 854 1876 in
874 1814 921 1876 ad·

50 1907 142 1952 ventu
165 1893 281 1962 Caesaris
297 1895 379 1954 habet
408 1913 472 1970 pem
489 1914 496 1952 ι
523 1897 551 1954 in
567 1912 624 1971 quo
639 1894 716 1952 illurn
731 1907 799 1970 puto
815 1911 919 1954 errare:

49 1967 99 2028 hic
110 1970 224 2045 quidem
239 1972 327 2045 friget.
365 1975 497 2033 Scaurum
511 1983 607 2028 autem
617 1971 784 2046 jampridem
799 1971 922 2044 Pompe·
979 2023 982 2028 ,
999 1974 1004 1984 “

42 2045 93 2122 jus
109 2047 214 2121 abjecit.
252 2061 294 2104 res
314 2046 435 2122 prolatae.
474 2044 508 2104 ad
528 2048 714 2120 interregnum
736 2047 849 2106 comitia
871 2045 920 2103 ad-

47 2120 142 2178 dusia.
169 2121 278 2180 Rumor
292 2121 429 2180 disertoris
442 2120 621 2195 ‘injucundus
636 2123 729 2180 bonis:
750 2121 819 2182 mihi
833 2122 935 2182 etiamt
955 2120 1066 2176 iucundus

46 2198 139 2272 magis
152 2214 215 2272 quae
228 2199 387 2274 loquuntur.
426 2195 479 2256 Sed
492 2209 551 2256 tota
567 2199 652 2258 res&
667 2199 781 2263 timetur
795 2239 803 2264 ,
825 2199 854 2258 &
873 2186 1000 2292 roff·
1012 2187 1040 2238 aa

44 2272 176 2346 frigescit.
214 2275 364 2352 Pompejus
383 2271 463 2349 pland
483 2269 510 2332 se
535 2285 617 2346 negat
639 2271 730 2335 velle:
758 2285 838 2332 antea
858 2259 998 2353 ipie⁴‘¹‘⁸⁴
1036 2319 1057 2352 ,r

43 2349 119 2408 mihi
146 2365 204 2406 non
231 2350 355 2426 negabat.
391 2350 510 2407 'Hirtus
531 2347 708 2407 annosiore
730 2347 845 2408 viderur.
884 2341 995 2413 Oasin
1012 2346 1065 2392 ΗΠ·

40 2426 84 2482 dii
106 2441 190 2500 quarn
212 2427 317 2502 ineptus
334 2430 341 2482 !
361 2424 388 2465 ⁶¹
399 2424 483 2504 quim
503 2424 529 2482 se
549 2423 603 2500 ipse
623 2441 718 2483 amans
736 2425 794 2484 tine
820 2414 1017 2515 rivaliiffiffi'g‘

41 2499 210 2560 6²Crassum
230 2501 405 2575 Junianum‚
437 2502 583 2574 hominem
604 2501 674 2560 milri
696 2499 820 2560 deditum
837 2545 845 2573 ,
864 2519 913 2578 per
966 2480 980 2529 P
1009 2503 1016 2519 '

866 2597 914 2641 me

75 2753 116 2795 so.
134 2746 230 2804 onusta]
248 2749 290 2794 Per
303 2744 353 2792 dies
368 2745 432 2794 enirn
447 2745 642 2810 supplicationum
657 2748 712 2813 lege
725 2763 775 2798 non
791 2746 911 2812 agebatur.

37 2811 76 2860 ita
88 2809 169 2856 otium
178 2809 213 2858 illi
226 2809 239 2858 a
250 2805 336 2858 forensi
347 2807 427 2857 labore
437 2807 539 2857 futurum
555 2825 612 2859 erar.
635 2825 665 2858 ne
681 2826 734 2862 cum
751 2815 841 2874 populo
859 2813 912 2874 qui·

37 2871 169 2923 demtum
186 2869 292 2934 potuisse*
302 2872 339 2935 agi
356 2872 442 2919 indicat
460 2871 517 2918 illud
534 2873 557 2918 in
573 2872 691 2936 epistola,
708 2875 815 2919 Dederam
826 2875 855 2918 ad
867 2889 910 2930 re,

33 2935 125 2986 libat.
145 2936 246 2980 Lentulus
257 2936 514 2980 absumisabsumis
525 2951 599 2981 amnes.
632 2949 682 2980 nam
698 2940 764 2982 etiam
776 2939 857 2982 baerna
874 2939 910 2982 ita·

27 2997 183 3061 statuuntur:
199 3013 235 3044 aec
244 3009 314 3042 tamn
323 2998 411 3044 deerant
418 2998 586 3059 supplicationes.
619 2999 642 3043 P.
652 3003 745 3046 Manui.

71 3069 112 3108 cr.
130 3059 208 3121 Qim
216 3059 240 3122 sc
249 3059 291 3130 ipse
303 3070 377 3104 amans
386 3060 428 3122 fine
438 3061 529 3117 rivali]
555 3057 819 3125 signifieat-amatum
835 3060 910 3108 nemi·
949 3066 959 3086 ·

33 3138 79 3173 ne.
115 3119 252 3171 Translatio
271 3116 340 3170 dubia
354 3120 387 3170 eii
401 3118 431 3170 ab
447 3121 604 3178 amatoribus,
628 3135 729 3183 quonam
740 3119 767 3170 sit
779 3125 854 3171 amica
866 3123 909 3172 de·

31 3185 145 3242 formis,
160 3197 232 3248 quana
243 3197 316 3232 nemo
327 3183 368 3232 fibi
378 3197 492 3247 expetat,
508 3196 547 3232 aar
559 3185 660 3233 amicam
672 3185 757 3234 babere
772 3187 835 3234 velit.
853 3189 907 3234 Hos

31 3249 91 3298 allis
104 3247 181 3296 verbis
196 3246 225 3295 ad
237 3251 288 3296 Ati.
299 3244 397 3296 scribens
412 3248 495 3295 estulit
511 3247 550 3296 lib.
564 3263 599 3297 vr.
622 3253 693 3309 Haisa
711 3251 815 3295 nebulonis
833 3265 905 3310 opera»

30 3314 94 3360 tione
106 3343 114 3367 ‚
124 3311 147 3366 fi
157 3315 237 3358 Brutus
252 3314 332 3356 maneri
345 3309 426 3371 patefit
444 3312 513 3357 licebit
527 3314 583 3356 enim
592 3311 655 3376 filus
669 3329 746 3359 ames:
763 3329 795 3359 me
807 3315 907 3364 emnium

32 3381 77 3422 nin
90 3373 183 3422 habebis.
215 3371 356 3438 Mala'spinlt.
693 3382 696 3390 “
766 3401 770 3406 -

53 3445 108 3488 ¹62.
127 3437 221 3500 ttaffm
235 3435 377 3498 initam]
402 3433 823 3548 Ρ.εἷ1ι[ιιιίιῑε7κκῐιηωὰίοιίριιιε
833 3435 865 3487 eli
879 3438 905 3486 ia

474 3516 575 3548 vaona
590 3515 602 3556 ³
864 3513 905 3553 re-
