2300 3834
187 103 384 168 Linea
425 95 723 182 Tertius.
789 107 910 193 r²¹²9

30 205 140 280 stater,
159 209 246 286 quim
262 219 359 284 egeam
374 217 501 279 tempore
520 225 526 263 ι
547 221 599 262 nec
618 201 682 260 iane
703 199 761 257 satis
776 213 908 288 commo-

36 301 106 345 veor
118 286 213 346 animo
226 288 261 346 ad
275 302 307 344 ea
324 328 333 354 ,
352 299 416 359 quae
431 282 488 352 vis,
501 279 632 339 canenda.
654 285 680 331 52
689 275 820 340 ὑποθέσεις
833 291 902 332 vero

33 363 89 420 aad
104 381 159 433 ea,
186 381 250 441 quae
271 361 326 440 ipse
347 371 420 436 ²ego
442 377 478 417 ne
501 354 649 432 cogitando
671 353 925 440 quidemconloz
940 367 986 419 ego
997 367 1051 422 cog.

33 455 123 512 quor,
143 453 197 509 ru,
232 441 280 516 qui
301 453 401 497 omnes
423 435 472 493 illo
494 430 642 509 eloquendi
669 432 699 489 &
727 425 899 504 exprimendi
909 419 994 527 fga
1017 493 1052 528 uo

30 529 134 587 genere
147 515 288 591 superasti3
301 513 324 572 λ
339 531 385 572 me
399 509 487 588 petis?
507 513 637 568 Facerem
652 521 745 566 tamen
762 548 770 575 ,
789 516 820 562 ut
834 501 901 578 pol·
911 493 1016 590 Ml

31 590 106 647 stm:
127 592 171 650 sed
192 593 285 668 (quod
302 602 333 648 te
352 587 468 648 minimi
489 587 570 660 fugit)
591 601 659 659 opus
682 582 719 670 est
742 582 777 640 ad
796 584 899 667 poema
1076 637 1078 651 ,

31 667 152 741 quadarn
166 670 251 726 animi
265 665 417 733 alacritate,
437 679 521 740 quam
536 659 616 738 plani
630 660 699 719 mihi
705 671 832 746 tempora
847 673 898 714 err·
909 657 1049 705 neccrrvr.

28 744 119 816 piunt.
157 744 277 802 Abduro
293 743 423 818 equidem
439 757 486 797 me
507 739 541 796 ab
554 739 633 796 omni
656 734 811 811 reipublicae
833 747 897 792 cura

28 817 161 896 dedoque
173 821 282 878 litteris:
299 819 347 877 sed
362 831 455 876 tamen
471 815 598 875 indicabo
611 814 676 881 tibi,
696 811 773 888 quod
781 809 901 898 'meher-
999 860 1015 882 ,

28 893 94 952 culi
108 896 137 954 in
151 898 243 970 primis
257 908 286 954 te
302 895 419 954 celatum
435 892 573 952 volebam.
612 890 728 964 Angor,
748 905 787 945 mr
801 887 905 974 suarii·

26 968 100 1028 fime
114 969 212 1041 irater,
233 989 335 1046 angor,
350 971 453 1030 nullam
468 965 521 1026 elle
534 967 749 1050 rempublicam,
769 964 842 1050 nulla
852 981 899 1038 Ju-

26 1045 118 1115 dicia,
136 1049 317 1122 nostrumque
330 1049 387 1105 hoc
400 1059 509 1120 tempus
523 1045 625 1108 aeaatisr
645 1038 721 1118 quod
735 1057 763 1097 m
784 1040 828 1097 illa
849 1056 897 1096 au·
1063 1119 1066 1124 .

27 1121 157 1182 &oritate
170 1126 302 1184 senatoria
317 1123 413 1182 llorere
435 1120 572 1178 bdebebat
588 1161 596 1188 ,
615 1129 662 1176 aut
682 1114 784 1176 forensi
802 1105 921 1174 laboreh
937 1104 1006 1158 debet

20 1197 148 1274 jacinti,
174 1203 221 1260 aut
241 1199 396 1259 domesticis
415 1197 508 1256 litteris
528 1194 673 1254 sustentari.
711 1191 781 1250 Illud
802 1191 869 1249 vcrd
889 1173 961 1260 ,m

26 1273 110 1350 quod
123 1272 139 1334 l
154 1295 241 1370 puero
255 1277 428 1358 adamatam,
740 1343 747 1362 Ι
839 1279 843 1311 l
914 1297 919 1306 v

89 1392 111 1418 ‚‚
131 1357 195 1409 Αιὲν
206 1349 335 1417 interient
351 1394 360 1417 ,
387 1353 434 1406 urai
449 1347 588 1420 ὑπέροχον
603 1344 715 1416 ’ἔμμεναι
731 1344 842 1411 ἄλλων,

23 1435 122 1486 totum
138 1427 282 1490 occidisse:
302 1430 430 1488 inimicos
445 1426 460 1485 ὲ
476 1425 628 1501 mepartim
642 1440 699 1482 non
715 1434 899 1510 oppugnatos,

21 1503 127 1579 partim
144 1507 227 1565 etiam
242 1500 295 1565 elle
309 1503 449 1564 defensos:
471 1519 568 1561 meum
582 1519 640 1558 non
656 1497 744 1556 modo
753 1515 897 1583 animum,

21 1577 75 1638 sed
91 1597 127 1638 ne
142 1581 238 1642 odium
273 1581 367 1640 uidem
376 1576 429 1638 elle
444 1581 575 1639 liberum:
595 1592 740 1651 unumque
755 1592 791 1632 ex
805 1591 901 1653 omno,

21 1655 78 1714 bus
91 1655 229 1717 Caesarem
243 1677 259 1716 e
281 1675 296 1716 e
310 1659 472 1725 inventum,
494 1656 542 1731 qui
555 1671 603 1712 me
617 1666 742 1720 tantum,
761 1664 897 1725 quantum

21 1747 83 1807 ego
98 1733 219 1805 vellem,
237 1747 358 1802 amaret,
377 1734 521 1792 autetiam
541 1729 628 1806 (sicut
641 1727 689 1788 alii,
698 1739 805 1803 putanti
821 1726 896 1786 hunc

21 1825 118 1866 unum
134 1808 205 1880 effe,
223 1812 270 1888 qui
286 1809 378 1868 vellet.
415 1809 548 1882 Quorum
571 1820 665 1892 tamen
686 1804 753 1864 nihil
774 1803 897 1889 estnejus-

21 1881 127 1954 modi,
148 1898 179 1944 ut
193 1905 247 1962 ego
262 1901 387 1964 menon
409 1883 495 1944 multa
517 1882 705 1944 consolatione
719 1878 843 1964 quotidie
855 1880 897 1939 le-

19 1960 121 2018 niam:
141 1961 186 2020 sed
200 1963 244 2022 illa
263 1959 317 2021 'erit
337 1961 488 2020 consolatio
511 1961 656 2036 maxima,
676 1957 696 2014 fi
716 1955 770 2014 uni
786 1973 904 2028 erimus„

17 2054 103 2095 nunc
119 2037 153 2096 ad
167 2039 211 2098 illa
235 2040 298 2100 cvel
319 2037 504 2114 graviffimum
527 2035 633 2094 accedit
660 2033 702 2090 tui
723 2031 1022 2093 desideriumcutur.

16 2109 179 2174 Gabinium
193 2115 230 2185 fi,
250 2128 281 2173 ut
301 2113 384 2174 Pansa
403 2106 670 2190 parturiuntur,
690 2106 895 2180 defendissem,

830 2206 894 2249 con·
956 2205 964 2220 ·

55 2368 97 2408 5²·
109 2352 235 2406 'Animi‘
244 2356 273 2401 ad
283 2367 307 2401 u
317 2351 382 2409 aeri,
398 2354 456 2413 ria]
471 2351 715 2411 verbumGraecum,
732 2353 896 2422 qualecunque
907 2347 910 2356 '

11 2414 55 2466 est
69 2447 78 2472 ‚
96 2417 210 2481 coniungi
221 2417 292 2466 debet
303 2427 357 2464 cum
369 2415 474 2476 sequenti
484 2415 586 2466 clausula
598 2451 606 2473 ,
622 2417 737 2481 limulquc
754 2418 813 2465 ordo
824 2422 897 2468 trium

9 2478 156 2543 primarum
171 2495 257 2529 uocum
274 2478 445 2537 restituendus,
464 2480 504 2543 qui
519 2481 636 2546 perversus
652 2493 721 2528 erat:
743 2479 807 2544 quod
824 2482 898 2532 eriam

11 2555 79 2590 cum
92 2539 174 2589 nollra
184 2543 355 2592 concordantes
367 2543 510 2591 adnotarunt
521 2544 636 2593 Germani
648 2545 672 2590 in
691 2545 798 2608 margine
809 2543 840 2592 sui
855 2560 899 2594 co·

9 2605 90 2653 dicis.
127 2605 207 2654 Restat
217 2621 279 2654 nunc
290 2605 319 2653 de
328 2602 497 2655 characteribus
507 2606 555 2656 illis
561 2608 647 2656 Gracis
658 2605 764 2655 divinare
775 2641 782 2662 ,
799 2609 896 2672 quinon

1 2668 178 2724 mediocriter
188 2672 289 2732 corrupti
301 2667 360 2717 sunt.
393 2685 438 2717 nos
453 2669 565 2722 irradiata:
581 2666 729 2734 deripimus,
750 2669 856 2720 videntes
867 2689 897 2723 eir
992 2725 995 2739 ¹

7 2729 152 2780 verborum
169 2729 279 2780 st'ruelura
294 2732 416 2780 accusandi
432 2732 484 2780 calu
499 2728 546 2782 effe
561 2735 663 2781 omnino
674 2731 757 2783 debere
768 2733 899 2788 didlonem

4 2795 111 2848 illam,
128 2793 152 2840 in
165 2793 295 2858 nostroque
307 2796 407 2858 antiquo
418 2792 479 2843 libro
489 2792 581 2843 formas
591 2809 630 2843 eas
646 2796 765 2846 literarum
782 2799 835 2844 huic
847 2815 898 2848 ver·

3 2857 50 2907 bo
63 2855 229 2906 viciniores&
240 2856 363 2906 umiliores
375 2858 535 2912 invenientes,
551 2859 631 2920 iraque
640 2857 772 2908 defluentes
782 2873 807 2906 ur
818 2863 897 2912 casum

2 2920 92 2972 illurn
105 2919 266 2968 multitudinis
277 2933 379 2968 numero
406 2918 563 2968 raeseferanr.
596 2920 762 2972 Uriturautern
780 2923 837 2987 sape
853 2925 897 2974 hac

2 2988 106 3033 Graeca
119 2983 289 3038 morcincto,
304 2997 380 3044 enque
388 2933 443 3031 flue
453 2983 509 3030 loco
519 2980 583 3030 reue
598 2985 725 3033 convenire
737 2984 839 3034 viderur:
856 2984 895 3037 'vel

2 3047 87 3098 nim
99 3043 211 3096 rinadium
222 3045 325 3109 appellnt
338 3059 351 3092 a
397 3057 477 3093 merita
488 3077 496 3100 ‚
507 3058 537 3092 er
548 3043 632 3110 quibus
643 3047 720 3108 po'e'tae
731 3043 769 3094 sua
779 3051 906 3110 poemata,

2 3106 170 3162 conficiunt,
185 3109 223 3156 rel
240 3121 298 3172 quaa
315 3109 364 3156 inte
375 3110 447 3172 ligit,
469 3108 499 3155 de
517 3109 627 3158 oratione
638 3111 750 3172 quapiam
763 3114 825 3160 Bruti
839 3111 904 3164 cum'

4 3171 107 3232 Attico
117 3168 227 3228 loquens.
261 3176 279 3220 E
299 3183 424 3227 oramen,
440 3169 457 3218 fi
473 3170 541 3219 illam
557 3170 649 3228 causam
665 3169 903 3240 lrabuillem‚„scrip·'

4 3231 99 3286 [issem
111 3187 360 3284 ardentiutinritera.
393 3239 446 3298 Ego
474 3232 522 3282 uod
537 3235 604 3298 potui
620 3231 729 3297 praelliri:
745 3233 834 3299 liquis,
851 3243 893 3302 qui

4 3296 130 3350 nostram
142 3295 203 3342 lianc
213 3296 354 3358 opinionem
364 3311 414 3346 non
425 3311 467 3362 pro
484 3297 542 3354 arir,
559 3295 683 3346 meliorem
695 3296 741 3362 ipse
756 3302 893 3350 certiorem·

4 3372 65 3426 nare
77 3358 211 3411 invenerit,
226 3371 265 3406 me
275 3371 372 3424 quoque
382 3359 476 3410 habebit
487 3359 529 3409 suc
546 3361 669 3420 sententia*
682 3363 797 3413 comitem
808 3366 833 3415 δι
851 3362 893 3412 de·

4 3421 152 3478 knsorcm.
187 3422 263 3474 Vilior.

438 3492 565 3536 Vvvvvt
613 3546 614 3549 Ἰ
809 3505 845 3546 ςι.
864 3493 894 3539 lt
