2328 3884
227 69 596 184 mm.*Lrarn
640 109 926 176 Docimus

138 255 140 261 2
226 225 311 284 ierit:
333 241 444 285 moram
466 225 496 284 in
516 222 677 290 tabellariisr
706 219 815 297 iiapud
835 231 865 278 te
887 215 977 288 effes,
1004 221 1068 298 qui
1083 224 1145 286 sas.

226 300 391 372 tisseciises,
412 301 499 360 dates.
537 312 676 378 quantum
697 297 747 370 fit,
767 296 875 372 ⁸lEros
897 296 1043 358 Philotimi
1069 301 1132 362 tibi

226 377 312 438 dicet.
349 379 396 439 sed
409 377 449 436 ad·
459 378 566 453 majora
580 377 734 438 redeamus.
773 373 864 452 Quod
890 385 986 448 optas,
1008 375 1136 443 Coeiia-

143 494 146 504 ‹
231 473 302 519 num
316 455 383 517 iiiud
397 455 563 515 maturescit.
601 456 696 534 itaque
710 466 865 531 torqueor,
883 449 978 512 utrism
992 466 1132 516 ventum

257 561 260 571 ·
759 559 763 567 ·
1075 548 1140 592 ex*-

235 689 261 734 a'a
271 687 399 737 tabellariis.
431 685 539 752 quibuse
554 683 630 738 verbis
644 684 669 736 id
683 698 778 738 tantum
795 683 886 734 mutari
896 715 907 741 ,
919 682 1042 795 quos-pro
1054 719 1066 742 ,
1083 704 1140 752 ,ex-

234 751 323 814 passas,
339 749 448 815 reposui,
464 752 567 814 expensas.
599 753 625 800 &
642 749 694 814 posi
709 749 917 805 verbumrulerir,
934 745 989 796 addi
1006 749 1015 796 i
1032 754 1140 802 aradae

239 817 334 876 corais.
352 819 415 863 Dare
425 817 462 863 cui
475 815 568 863 nummi
579 811 675 878 expenfi
686 812 733 862 smt
745 849 753 873 ,
769 813 808 861 hic
818 808 936 879 significat
948 845 955 868 ,
970 809 1042 858 edere
1052 811 1140 862 tabu.

237 875 289 932 ias,
305 876 390 939 quibus
405 889 484 942 pateat
503 879 540 926 cui
556 877 651 925 nummi
672 875 742 926 soluti
761 873 816 925 sint.
849 871 1003 922 Funisulanus
1024 877 1137 926 multos

238 953 354 988 nummos
364 939 464 990 debebat
482 942 603 991 Ciceroni.
653 953 697 988 uos
713 953 768 990 cum
784 953 835 987 non
850 935 970 994 solveret,
988 935 1098 987 dicebat
1112 939 1140 989 se

238 1002 334 1052 cuidam
346 1006 470 1057 Ciceronis
480 1003 605 1061 creditori,
619 954 652 1052 ad
661 1018 717 1054 eum
732 999 896 1060 liberandum,
907 1001 964 1050 ilios
976 1001 1140 1052 numerasset

240 1081 284 1115 nec
295 1079 378 1118 tamen
394 1067 465 1118 dabat
482 1083 531 1130 qua
547 1064 710 1126 satisfecisset,
730 1065 755 1115 id
770 1065 824 1120 est,
838 1079 890 1112 non
910 1061 1050 1122 ostendebat
1081 1081 1141 1130 qua

239 1143 320 1241 parte,
336 1133 362 1180 bc
375 1133 432 1189 cui,
449 1132 573 1180 Ciceronis
587 1132 708 1189 nomine,
723 1145 766 1179 eos
783 1123 921 1178 dissolvisset
933 1163 940 1185 ,
953 1125 993 1176 sed
1018 1125 1139 1190 pollice-

257 1205 308 1242 atur
319 1193 341 1242 se
352 1193 462 1244 daturum
476 1228 483 1250 ,
498 1193 521 1244 id
537 1193 589 1249 est,
606 1192 704 1258 prolatis
721 1192 808 1243 tabulis
824 1189 1043 1240 demonstraturum
1061 1224 1074 1246 ,
1094 1195 1140 1246 eui

207 1257 211 1295 t
240 1259 356 1321 expensos
365 1274 407 1308 eos
419 1255 514 1308 tulisset.
548 1271 643 1306 moram
655 1253 957 1318 autem'ejusreifibinon
973 1253 1021 1302 effe
1035 1253 1142 1306 adseri-

240 1319 359 1386 bendam‚
376 1320 415 1371 sed
428 1321 607 1372 tabellariorum
621 1330 662 1368 aot
676 1320 777 1384 inopia,
793 1331 833 1367 aut
848 1317 1002 1366 mastaloni.
1037 1321 1137 1378 Bassus.

240 1387 312 1434 Varie
326 1385 364 1434 hic
377 1387 445 1434 iocus
460 1385 548 1450 legitur
564 1386 590 1436 δι
605 1384 842 1448 interpuugiturcum
853 1379 958 1430 ineditis
969 1378 1143 1450 tumscn'ptis

157 1481 159 1496 .
240 1448 375 1504 codicibus,
390 1449 485 1498 Balliol.
501 1449 527 1496 dc
544 1446 676 1496 ileimiiad.
689 1450 757 1498 MSS.
777 1445 942 1497 breviator.
958 1443 996 1492 ed.
1014 1451 1088 1496 Nunc
1100 1455 1142 1498 aie
1162 1473 1163 1476 =

236 1509 392 1572 sudditorum,
409 1517 444 1560 cui
459 1529 482 1558 rx
494 1515 520 1560 P.
532 1511 644 1571 sustulerit
663 1527 755 1557 moram·
769 1509 903 1556 tabellarius.
931 1509 1025 1570 fiatad
1046 1523 1071 1555 re
1097 1513 1141 1573 effe

181 1609 184 1616 .
239 1590 295 1638 quas
310 1575 471 1638 satisfecisses,
497 1576 766 1635 dares.·Manut.&M.
777 1576 841 1622 Brut.
853 1570 907 1620 edd.
920 1571 1043 1635 aliaque:
1060 1580 1139 1624 Nunc
1162 1601 1163 1604 =

239 1643 274 1683 air
284 1639 309 1699 fe
322 1642 445 1687 daturum:
463 1642 498 1684 cui
512 1639 622 1700 expensum
634 1641 711 1684 tulerit
722 1639 823 1684 morari:
844 1637 979 1692 tabellariis,
999 1635 1104 1699 fiapud
1117 1653 1142 1688 se

240 1701 302 1762 effit,
316 1701 361 1764 qud
372 1701 523 1762 satisfecisses,
538 1703 606 1748 dares.
628 1698 681 1751 Bos.
695 1703 721 1749 δι
737 1704 806 1748 Grut.
822 1697 877 1748 edd.
899 1697 1044 1758 Nuncailss
1061 1703 1142 1750 darse-

240 1781 292 1812 rum
306 1769 342 1812 cui
358 1766 452 1828 expensas
467 1765 563 1810 tuleris:
578 1779 661 1810 maram
671 1767 694 1809 irs
707 1763 843 1819 tabellariis5
853 1762 875 1820 fi
889 1764 947 1824 apud
962 1773 983 1809 ts
996 1762 1046 1822 effes
1057 1797 1068 1819 ,
1087 1765 1143 1828 qus

237 1828 389 1889 fiasisfhcaffis,
404 1831 473 1877 dares.
504 1825 585 1876 Editio
600 1825 757 1874 Bononiensis
774 1837 841 1874 vetus
856 1839 911 1873 cum
932 1823 996 1872 notis
1013 1827 1141 1890 Baptissae

241 1891 290 1940 l’li:
307 1897 369 1938 Nurac
378 1892 441 1952 aissa
451 1891 570 1937 daturum:
585 1907 634 1936 cum
644 1907 669 1936 est
686 1893 712 1938 P.
721 1888 833 1952 fisstsslerit
850 1905 934 1936 maram
948 1889 1103 1938 tabellarius:
1120 1893 1145 1953 fi
1162 1937 1163 1940 ,

241 1953 300 2017 apud
316 1955 341 2014 se
360 1954 420 2014 fferre
439 1969 492 2016 qaas
507 1952 643 2014 satisfecisset
665 1953 733 2002 darer.
766 1953 901 2016 Scriptura,
927 1965 1000 2015 quam
1017 1954 1145 2006 Manurii

243 2017 343 2079 aliasque
359 2019 500 2066 recentiores
516 2015 634 2064 editiones
643 2029 689 2080 prae
700 2015 723 2064 se
733 2013 827 2071 ferunt,
838 2016 941 2064 omnino
953 2016 1004 2064 aliis
1015 2017 1144 2078 praestat,

243 2079 399 2142 presertimii
413 2093 443 2128 ex
455 2078 599 2129 Bononiensi
615 2081 659 2128 reci
678 2081 738 2127 latur
748 2079 892 2141 sartisfeciffrt.
929 2077 1043 2142 sicergo
1060 2084 1143 2132 vide.

243 2156 282 2191 tur
294 2145 380 2191 Cicero
397 2139 505 2208 scripsisse
517 2159 523 2189 ε
540 2151 602 2190 Nunc
612 2146 646 2188 air
652 2095 676 2202 dd
684 2145 803 2190 daturum:
820 2147 857 2190 essi
869 2143 980 2205 expensum
989 2145 1073 2192 suteris
1086 2165 1145 2194 mo·

242 2208 298 2254 rari.
314 2207 448 2262 tabellariis,
469 2207 585 2269 fiapudre
600 2205 660 2267 effer,
675 2222 742 2270 quum
754 2205 901 2267 fitisseciffir,
917 2207 986 2253 dares.
1021 2195 1144 2262 concise

242 2269 368 2332 loquitur,
383 2271 462 2334 paucis
478 2271 554 2318 muita
567 2269 725 2332 complexus,
741 2283 765 2318 ut
777 2269 836 2333 saepe
846 2270 871 2316 in
886 2269 922 2316 his
932 2267 1047 2332 epistolis.
1089 2275 1143 2324 Ait

241 2331 340 2383 senune
360 2330 497 2391 soluturum.
531 2331 575 2382 Sed
592 2333 633 2396 qui
647 2330 689 2380 fibi
708 2331 792 2380 debeat
807 2347 859 2380 non
875 2329 973 2382 solvere.
1005 2333 1141 2398 Scripsisse

232 2397 324 2457 ,tamen
334 2402 360 2446 ut
376 2395 420 2447 ribi
437 2399 456 2446 is
468 2397 556 2446 solvat:
573 2395 591 2444 sr
605 2393 675 2444 solvit
686 2397 712 2444 bc
725 2398 774 2454 iam
785 2395 828 2442 iila
836 2395 938 2460 pecunia
954 2409 1028 2460 penes
1038 2409 1067 2445 te
1081 2399 1141 2459 esi,

241 2460 357 2509 velimus
375 2475 417 2524 per
436 2457 573 2509 tabellarios
594 2459 624 2506 ad
643 2473 683 2506 me
702 2459 771 2508 iliam
787 2473 859 2508 cures.
892 2461 971 2526 Qum
986 2460 1143 2524 sarrisftcr'ffee

242 2524 330 2574 scilicet
341 2523 413 2572 tibiis
425 2555 433 2578 ,
449 2524 486 2570 cui
495 2521 624 2585 expensum
634 2523 718 2570 tulerat
730 2537 868 2586 argentum,
887 2525 912 2573 δι
924 2525 966 2586 qui
977 2537 1044 2572 nune
1054 2527 1143 2576 trica-

206 2622 211 2635 .
243 2577 330 2636 batur?
342 2582 360 2634 fi
374 2585 418 2633 tibi
433 2583 573 2637 numerasset
584 2586 716 2650 pecuniam.
749 2585 788 2634 nd
804 2601 859 2634 eum
874 2587 939 2636 enim
949 2586 1041 2634 litteras
1052 2586 1141 2638 dede-

244 2663 281 2698 rat
297 2645 468 2704 Funisulanus,
485 2661 510 2696 ur
529 2650 609 2697 attico
625 2663 775 2707 numeraret,
790 2651 858 2714 quod
873 2648 915 2698 sibi
931 2647 1025 2699 debeat.
1062 2655 1141 2702 Hinc

246 2711 361 2762 subnesiit
377 2726 482 2774 quassum
493 2713 542 2772 fir,
559 2710 625 2774 qnod
639 2711 782 2761 Funisulano
798 2713 924 2768 debeatur,
940 2717 995 2759 Eros
1007 2715 1146 2766 Philotimi

243 2777 287 2822 risi
296 2777 359 2825 dicet.
377 2776 490 2824 Gravius.
529 2776 614 2836 scribe,
630 2779 734 2824 Nuncait
745 2778 769 2838 ss
779 2777 902 2825 datarum:
918 2778 955 2821 cui
963 2777 1085 2838 expensum
1096 2793 1143 2828 trs-

244 2841 311 2894 ssrit,
327 2844 430 2885 morari:
446 2841 585 2895 tabellariis,
602 2841 689 2904 fiapssd
698 2853 719 2885 se
735 2842 801 2901 effer,
821 2839 878 2904 quod
887 2837 1037 2898 satisfecisses,
1053 2843 1141 2896 dares.

245 2899 364 2950 sententia
374 2899 422 2958 est3
439 2902 481 2966 qui
490 2899 532 2952 sibi
547 2903 629 2952 debeat
642 2937 649 2959 ,
663 2901 701 2950 vei
712 2905 749 2951 cui
761 2901 807 2966 ipse
818 2915 927 2952 mutuum
940 2900 1052 2958 dederit,
1072 2921 1144 2958 eum

246 2967 375 3028 reliquari,
404 2967 429 3016 st
445 2981 495 3014 non
509 2965 600 3016 solvere
615 2965 645 3015 ad
660 2963 742 3014 diem:
773 2965 813 3015 sed
828 2969 850 3016 ei
866 2963 889 3014 se
905 2968 930 3013 in
946 2964 1075 3015 mandatis
1094 2970 1147 3020 de·

248 3027 324 3084 disse,
345 3041 370 3075 ut
387 3043 427 3092 per
444 3028 574 3080 absentiam
591 3028 655 3078 sunm
670 3029 713 3078 tibi
726 3043 858 3078 numeraret
876 3045 883 3076 ι
900 3027 1001 3092 quodsi
1022 3027 1145 3092 fecisset,

248 3091 289 3141 abs
300 3104 324 3139 re
339 3103 463 3154 peterem,
479 3107 505 3141 ut
515 3108 556 3157 per
566 3093 702 3145 tabellarios
715 3093 745 3141 ad
754 3107 795 3142 me
805 3096 919 3142 mitteres.
935 3096 1035 3144 Gronov.

282 3164 321 3203 81.
339 3159 409 3202 Hares
421 3158 556 3214 Philotimi]
570 3161 636 3206 Cum
646 3155 809 3220 manuscriptis
819 3156 885 3206 iibsis
896 3161 951 3203 Eros
960 3155 1087 3220 legimus:
1106 3159 1146 3212 est

251 3231 331 3266 autern
342 3219 401 3267 servi
412 3233 517 3275 nomen,
534 3221 599 3280 cujus
608 3217 667 3284 supe
678 3218 847 3270 mentio'satia
857 3218 905 3276 est,
920 3220 1011 3282 quique
1021 3225 1146 3274 rationes

249 3283 352 3347 pecunie
371 3281 562 3334 'administrabat
595 3288 708 3332 Putamus
724 3285 798 3332 eriam
823 3285 849 3332 in
868 3283 986 3346 superiore
1010 3282 1146 3336 versiculo

248 3345 365 3395 mendum
376 3343 435 3401 elle,
452 3345 556 3408 ideoque
565 3360 623 3395 nota
635 3347 685 3403 ilii,
720 3361 753 3394 uc
764 3349 885 3396 maculam
896 3345 1003 3401 indicet,
1022 3349 1150 3412 appofita

248 3409 294 3458 est:
313 3409 406 3472 penitus
417 3422 496 3457 autem
507 3409 602 3467 locum,
618 3360 823 3470 quemadmodum
834 3412 861 3462 in
876 3408 1056 3475 antiquioribus
1071 3413 1152 3464 libris

249 3473 397 3530 invenimur,
414 3469 584 3536 descripsimus.
619 3476 696 3526 Vilior.

1033 3551 1074 3590 ss.
1094 3541 1156 3604 Qi
