2324 3880
196 167 276 247 1672
338 162 534 228 eree
579 155 961 226 Uuorrermue

194 277 267 338 statu
282 268 449 353 reipltblicae.
472 271 613 338 1⁶¹·ddiil
634 288 808 350 gentiumne
829 272 953 334 nostrum
976 275 1091 352 potiffia

197 353 296 452 mum,
315 353 385 413 ⁶²ut
398 354 473 422 hoc,
491 351 538 411 vel
550 350 653 412 tabulas
666 349 775 412 novas?
795 351 886 428 placet
900 349 970 410 mibi
995 353 1085 490 igittg

198 584 316 654 eivitaria,
325 584 359 637 de
368 585 427 637 dote
438 585 529 637 veniret
539 586 565 636 io
575 583 682 637 dublum.
699 585 781 652 itaque
789 583 853 636 velle
862 597 935 643 erm,
951 581 1009 634 dam
1020 565 1085 634 llae-

146 673 148 678 .
195 663 246 705 ret,
261 646 396 710 sibiearere
405 651 511 703 divortio
521 649 604 706 fallo,
618 663 674 699 ante
685 649 851 700 difficultatem
860 649 929 698 illam
938 660 1084 713 temporum
1102 683 1107 698 ,

196 711 212 762 a
224 713 342 763 Cicerone
352 715 436 765 dotem
446 715 561 779 recipere,
578 711 704 763 verisimile
717 728 774 766 erat.
796 724 932 826 ,propterea
942 727 994 786 non
1004 709 1083 772 dixit,

195 773 337 834 denunciat,
353 775 392 827 sed
403 779 495 828 videtur
511 775 672 834 denunciare,
692 778 758 844 quod
774 779 845 843 ipe,
867 775 1063 826 denunnaturam
1075 807 1088 834 ,

195 837 332 898 coniedurl
342 841 471 914 perspiciat.
503 839 577 903 Qrod
587 853 666 888 autern
676 841 702 889 in
712 840 794 892 nostro
805 839 866 888 libro
877 873 885 896 ,
900 852 985 888 contra
998 853 1081 902 quem

88 946 90 956 ,
195 899 286 952 inaliia
297 904 422 962 omnibus,
438 904 537 970 legitur,
552 909 592 954 De
602 902 663 954 statu
677 904 733 968 reip.
752 901 820 961 odii,
835 905 882 954 &e
915 899 1085 952 lireruenda-

195 964 291 1022 vimur,
313 966 408 1017 addulli
424 983 530 1020 veterum
540 966 717 1031 ,exemplarium
733 969 854 1017 varietate.
888 980 945 1015 narn
955 965 1015 1014 liber
1025 968 1083 1015 Ca-

196 1027 312 1084 valcantis
322 1030 414 1087 habet,
429 1037 467 1082 De
479 1030 540 1084 statu
550 1031 592 1080 riei
609 1028 677 1079 odii:
700 1031 834 1084 Ubaldiui,
851 1027 966 1078 Detellati
978 1027 1055 1077 Clodi
1069 1043 1081 1078 a

196 1088 294 1149 Moliri,
311 1099 348 1144 De
358 1094 438 1145 slatuti
449 1093 537 1146 clodii.
555 1097 675 1144 Eldana.
692 1096 811 1142 Audimus
820 1096 897 1152 raim]
910 1091 1081 1149 scribendum,

196 1157 316 1204 ,Audimus
337 1162 394 1206 enim
409 1160 434 1206 dr
450 1158 511 1218 statu
526 1156 592 1208 urbia.
625 1177 636 1203 ο
653 1161 716 1206 Dii!
738 1161 870 1205 Gmerumne
890 1157 983 1216 nestram
1001 1157 1079 1219 potia:

123 1273 128 1282 1
195 1213 296 1280 (seilicet
310 1220 455 1286 comparalie
471 1224 497 1271 lla
513 1217 607 1270 eausam
621 1217 700 1284 fuisse)
718 1234 741 1268 aa
763 1223 819 1276 hac,
836 1217 935 1278 (scilicet
950 1217 1018 1268 fieret
1034 1217 1081 1270 vel

190 1282 1082 1398 'rr-‘ill‘allalatrlslllllllllrlll‘fflelale:

195 1417 235 1456 tos
247 1360 277 1456 οἱ
287 1378 351 1460 isllus
361 1410 467 1462 sastione
476 1409 624 1472 oeciderunt)
638 1413 676 1457 vel
687 1411 813 1473 (omnino)
830 1362 914 1460 ealrffs
929 1426 996 1456 novas
1012 1361 1090 1478 sser-

195 1469 246 1534 rel)
264 1475 372 1524 Haecine
388 1488 507 1544 ,generum
523 1473 665 1530 Ciceronis,
681 1475 723 1537 qul
738 1471 828 1536 semper
844 1472 970 1522 tribunitiis
985 1469 1081 1525 firroti·
1160 1531 1161 1536 ¹

194 1529 345 1656 ξυῗοσίὶίιὶε.
361 1541 387 1588 &
397 1539 554 1590 soeueratores
568 1535 692 1586 obsidione
706 1536 814 1594 eremit,
830 1549 853 1584 v.
865 1535 951 1588 Famil.
967 1534 1036 1600 episi.
1049 1543 1078 1588 6.

213 1632 220 1646 ι
248 1632 255 1645 a
285 1617 357 1650 milve

227 1668 264 1711 σι.
281 1665 359 1710 odii!
370 1661 618 1727 generumnenrstrum.]
635 1662 787 1714 Exclamario
802 1660 981 1729 indignationia
990 1659 1077 1725 plena.

192 1735 251 1772 nam
263 1726 349 1774 cicero
358 1725 505 1790 iniquiffimo
522 1729 604 1776 animo
624 1725 714 1776 serebat
729 1742 844 1792 generum
860 1727 944 1781 suum,
958 1723 1006 1774 hoc
1023 1723 1078 1785 est,

191 1786 242 1844 eiua
257 1788 299 1851 qui
313 1789 405 1853 optime
420 1789 450 1838 de
465 1789 594 1854 Republica
610 1791 708 1842 meritur
724 1786 796 1848 effer,
811 1806 841 1842 eo
852 1789 1004 1854 impudentia
1018 1803 1078 1838 eru-
1135 1793 1137 1800 '

190 1847 269 1912 pisse,
284 1863 313 1904 ut
321 1853 435 1916 cogitaret
446 1850 476 1902 de
486 1853 538 1917 lege
549 1867 665 1903 novarum
677 1852 822 1904 Tabularum
832 1852 937 1904 serenda.
969 1864 1019 1914 qua
1035 1851 1076 1902 le-

191 1925 235 2022 ξε,
252 1926 407 1990 praeterquam
423 1914 489 1991 quod
504 1919 588 1980 ingena
603 1917 703 1973 clades,
719 1930 793 1982 atque
809 1917 871 1968 adeo
887 1913 994 1966 interitus
1010 1930 1078 1978 prae-
1156 1937 1161 1988 4

214 1975 337 2028 antissrmae
347 1991 408 2042 parti
418 1977 519 2028 ervrtatia
535 1979 703 2038 adserebatur,
719 1980 768 2044 ipsa
783 1983 857 2032 etiam
874 1981 954 2030 Tullia
964 1977 1076 2030 solutam
1158 1997 1161 2012 ⁴

192 2035 228 2086 illi
240 2035 281 2102 ipsi
292 2039 440 2100 Dolabella,
456 2043 504 2100 eiua
514 2043 575 2108 legis
587 2045 690 2101 rudiori,
705 2041 790 2094 dotem'
806 2058 855 2094 erat
870 2041 987 2094 amissura.
1021 2042 1076 2091 ita-

190 2113 238 2162 que
250 2104 335 2154 cicero
345 2104 442 2168 putabat
452 2107 608 2158 Dolabellam
618 2122 646 2158 ea
656 2106 687 2157 de
701 2105 779 2158 catalla
788 2109 851 2158 velle
861 2108 945 2156 Tullia
956 2105 1076 2157 nuntium

190 2165 330 2224 remittere,
345 2182 370 2218 ut
386 2185 440 2220 eam
456 2170 520 2222 dotia
536 2173 678 2234 repetitione
698 2170 824 2222 sraudaret.
863 2175 885 2220 0
902 2164 954 2227 dii,
972 2169 1073 2232 inquit,

189 2223 381 2282 idnefetendum
397 2233 448 2290 est,
486 2249 584 2284 enerum
599 2233 705 2283 noslrurn
737 2233 887 2294 utillimum,
902 2235 1076 2300 qualecunque
1159 2227 1161 2294 f

190 2287 290 2350 boefit,
307 2250 669 2349 velnovrstasulasinrucerer
684 2249 763 2354 Bodas.
1159 2307 1161 2318 '

219 2362 256 2407 62.
271 2362 306 2416 vl
315 2361 366 2417 hoa,
380 2363 418 2410 vel
428 2362 513 2409 tabulas
522 2367 618 2418 novari]
634 2357 748 2416 subaudi,
765 2359 869 2425 cogitet,
885 2359 911 2410 in
921 2359 1005 2412 animo
1018 2357 1069 2410 ha·
1158 2369 1160 2406 ἶ

189 2413 257 2478 heare
274 2421 313 2472 uel
322 2423 421 2488 aliquod
437 2422 580 2484 huiuamodi.
608 2428 673 2477 lior:
690 2423 813 2488 quidpiam
830 2424 951 2490 iniquius,
967 2424 998 2474 de
1013 2439 1072 2490 quo
1158 2425 1160 2492 ζ

187 2495 302 2544 generum
322 2481 390 2536 suurn
410 2486 565 2536 Dolabellam
581 2486 701 2536 audiverat
716 2488 796 2552 legem
812 2485 860 2537 elle
880 2488 991 2539 laturum.
1025 2487 1072 2539 sod
1159 2539 1160 2542 ,

186 2544 249 2596 mihi
263 2550 341 2614 magle
355 2551 433 2614 piacet
455 2560 535 2598 toturn
550 2547 630 2599 illud:
654 2554 717 2605 Hor,
742 2553 780 2598 vel
794 2551 879 2599 rabado
899 2568 986 2610 nanu,
1011 2567 1071 2604 nota
1140 2547 1160 2584 ‘⁴'

185 2605 244 2658 duas
265 2624 301 2660 rer
316 2610 356 2661 sed
372 2625 446 2662 uuam
459 2610 598 2676 significare.
628 2624 704 2670 uam,
721 2609 807 2662 liduas
822 2611 956 2680 significat,
972 2629 1013 2664 eur
1030 2613 1072 2666 so-

182 2671 290 2747 fundam
300 2674 425 2748 nominat,
437 2675 543 2786 primam
555 2691 607 2726 non
620 2676 699 2726 irent?
720 2677 763 2740 qul
777 2679 842 2728 enim
860 2692 953 2743 poterat
969 2679 1072 2732 Atticus
1157 2715 1159 2722 ·

184 2735 333 2800 antellrgere‚
350 2734 435 2802 qurdfi

453 2738 461 2786 i
471 2738 543 2791 vellet
554 2738 665 2797 verbum,
680 2744 739 2798 Hoc,
756 2736 799 2790 nili
810 2743 949 2794 aCicerone
959 2745 1070 2807 apertius
1157 2735 1159 2778 ἶ

184 2811 216 2852 er
250 2803 365 2850 notetur?
379 2801 458 2867 placet
469 2802 558 2866 igitur,
573 2817 599 2851 ut
609 2801 673 2860 dixi,
688 2818 761 2852 unam
772 2819 823 2853 rem
833 2803 972 2869 significari,
989 2808 1015 2856 δι
1032 2807 1071 2857 il·
1158 2813 1159 2824 ³

183 2861 210 2910 lu
238 2865 301 2919 ,Vel
316 2864 402 2912 tabulas
415 2882 502 2921 mar,
517 2867 737 2931 interpretationem
752 2867 800 2916 elie
814 2867 944 2925 didionia,
960 2875 1020 2918 Hoc.-
1037 2885 1067 2924 ut
1157 2877 1159 2936 ξ

181 2926 310 2988 particula,
328 2931 383 2988 Vel,
397 2926 540 2980 sententiam
556 2945 607 2979 non
624 2942 699 2980 mutet
716 2963 723 2986 ,
738 2927 805 2980 sicuti
820 2947 875 2982 cum
897 2933 993 2996 ponitur
1014 2948 1066 2998 pro
1158 2949 1159 2998 3

181 3001 240 3046 aut,
257 2989 296 3040 sed
305 3006 335 3042 au
352 3005 408 3049 eat,
424 3008 474 3058 quo
491 2991 567 3044 modo
589 2991 666 3058 posita
682 2990 715 3042 eli
734 2993 761 3042 in
786 2994 890 3059 quadam
908 2993 1008 3060 epistola
1030 2999 1066 3050 ad

180 3055 312 3115 Qrindlum
323 3007 422 3106 &errem
434 3072 441 3106 a
462 3061 496 3106 Tu
506 3059 564 3104 nolis
574 3057 730 3118 amicr'ffimrrml
735 3059 836 3106 Sextiam
850 3061 968 3121 cognosces,
984 3064 1067 3122 creda,
1156 3069 1159 3114 l

181 3129 222 3165 erra
236 3119 306 3179 cauffa
319 3122 356 3166 vel
367 3121 493 3170 Lentulum.
510 3123 535 3170 de
546 3121 571 3170 iu
583 3118 647 3169 libris
658 3117 809 3170 Academicis
822 3136 828 3170 r
843 3126 885 3169 Per
894 3140 927 3169 me
937 3124 975 3170 vel
980 3123 1067 3180 stertas

181 3182 245 3238 licet,
259 3199 300 3228 nra
309 3183 370 3228 medo
379 3184 482 3246 quiescas.
515 3187 551 3232 Le
568 3197 607 3231 ern
617 3196 697 3232 autern
708 3181 739 3232 de
755 3182 842 3233 tabulis
858 3185 927 3236 novis
942 3185 1067 3242 Dolabel·
1155 3189 1158 3232 l

180 3243 232 3294 lam
243 3241 362 3308 pertulille
372 3261 422 3294 non
433 3244 539 3302 conslat,
551 3199 607 3300 led,
623 3247 726 3295 laturum
736 3245 795 3304 elle,
812 3262 894 3298 mmor
903 3248 969 3307 tuit,
985 3263 1066 3316 atque

182 3309 256 3358 etiam
266 3305 366 3358 tentass'e
376 3322 479 3372 apparet.
496 3311 562 3368 euius
573 3309 606 3358 rei
615 3323 783 3374 argumentum
794 3309 841 3368 est,
856 3312 922 3372 quod
932 3313 958 3361 in
969 3313 1066 3380 Philip·
1156 3333 1158 3346 =

180 3372 279 3436 picam.
313 3369 461 3420 Trebellium
470 3370 558 3422 tabulis
568 3372 638 3420 noris
649 3371 798 3423 adversatum
810 3372 894 3432 mirre,
909 3375 1015 3440 legitur:
1032 3383 1063 3434 de

180 3449 210 3484 ex
221 3434 309 3485 Diouis
319 3433 423 3484 Hisloria
433 3431 474 3484 lib.
486 3449 557 3484 aura.
573 3435 635 3484 inter
648 3441 669 3485 Ρ.
683 3434 852 3494 Dolabellam,
868 3437 910 3502 qui
919 3438 1061 3493 debitorum
1157 3439 1158 3444 ’

178 3495 261 3554 rause
271 3495 368 3551 arebat
378 3531 387 3558 ,
402 3495 510 3564 equibus
519 3495 569 3566 ipse
579 3512 639 3550 unua
649 3512 698 3552 erat
718 3533 727 3560 ,
742 3501 770 3554 dr
784 3504 816 3554 1..
826 3501 973 3556 Trebellium
990 3537 999 3563 ,
1015 3509 1064 3556 tri·

1014 3561 1063 3620 bu·
1155 3567 1157 3572 '
