2300 3834
230 122 315 189 2050·
375 107 489 174 Enisa.
511 121 563 178 an
582 108 758 193 Qornrnn
779 104 964 176 aeterne
1143 131 1145 214 ἦ

122 198 215 306 ²²⁸2„
230 218 344 289 litteris,
363 220 418 280 ¹’ab
431 222 603 280 humanitate
619 263 628 290 ,
646 231 708 280 tum
722 219 791 280 verb
813 221 954 280 contraria
975 219 1037 282 sunt
1053 221 1108 281 ina·
1143 215 1145 268 Ῐ

82 273 181 373 {⁰52}
217 292 311 372 ‘perio
337 314 379 367 ae
393 297 527 374 dignitati.
565 315 632 356 narn
647 295 666 354 fi
681 296 864 373 implacabiles
877 296 1106 368 iracundiaefint,
1143 301 1145 332 ³

83 387 135 438 ath’.
231 371 341 437 summa
355 371 392 432 est
406 374 560 444 acerbitas,
578 373 618 434 lin
637 385 732 432 autern
753 372 930 442 exorabiles,
951 373 1062 432 summa
1073 373 1109 432 le·
1145 433 1146 442 ,

234 448 330 584 dimit
345 465 410 526 quae
428 462 525 510 tamen
544 452 588 526 (ut
608 451 642 510 in
661 449 759 524 malit)
779 449 919 508 acerbitati
933 463 1110 526 anteponen·
1145 463 1146 528 j

256 542 339 584 ae.

264 600 352 660 xlv.
372 601 444 660 San
462 602 598 678 quoniam
619 602 723 678 primus
743 618 832 679 annus
845 600 943 660 habuit
956 601 1056 661 dehac
1071 618 1112 660 re·

235 675 417 751 prehensrone
431 678 582 753 plurimum
596 677 746 747 sermonis,
766 677 851 738 credo
858 677 1112 754 propterea,quod
1145 731 1146 740 ,

235 751 283 810 tibi
298 751 445 812 hominum
461 753 588 830 injuriae,
606 753 686 831 quod
699 755 838 822 avaritiae,
857 751 935 887 tfubd
949 754 1115 823 insolentia,

86 843 195 898 ,pomp
236 841 336 904 praeter
360 829 546 904 eopinionem
574 831 716 890 accidebat
748 831 779 890 &
800 830 861 890 into
872 829 979 890 erabilis
1003 830 1117 890 videba-

87 924 147 963 men
157 922 197 973 op.
236 913 303 963 tur:
323 904 456 992 secundus
468 919 563 966 autern
578 906 668 966 multo
681 907 771 966 lenior
786 948 796 976 ,
814 903 894 982 qubd
912 906 944 963 ὅ(
965 905 1117 966 consuetu·

87 973 197 1022 ‘dd-W·
239 977 295 1050 do,
316 981 346 1039 δι
360 994 450 1051 ratio,
469 982 499 1044 δι
519 983 563 1056 (ut
575 1000 630 1058 ego
644 981 770 1052 arbitror)
790 998 863 1040 meae
876 999 997 1058 quoque
1018 982 1118 1042 littera

193 1073 201 1079 “
239 1066 268 1117 te
290 1058 486 1131 patientiorem
519 1059 711 1136 lenioremque
735 1059 884 1118 fecerunt:
910 1058 1011 1118 tertius
1031 1073 1118 1117 annm

239 1131 277 1190 ita
291 1129 344 1191 etse
358 1132 440 1194 debet
454 1135 635 1204 emendatus,
655 1148 736 1194 utne
751 1134 898 1194 minimam
919 1133 1044 1210 quidem
1058 1151 1117 1192 rent
1147 1179 1148 1186 ,

175 1235 191 1298 3
196 1235 211 1296 3
239 1208 385 1284 quisquam
400 1210 482 1284 postit
495 1211 578 1272 ullam
592 1210 801 1287 reprehendere.
839 1210 883 1269 Ac
893 1209 955 1285 jam
967 1211 1031 1270 hoc
1052 1210 1117 1270 loco

238 1301 302 1344 non
316 1287 498 1355 hortatione,
517 1304 610 1364 neque
623 1286 767 1363 praeceptit
783 1327 793 1356 ,
810 1283 859 1345 sed
871 1287 1000 1362 precibus
1023 1298 1118 1346 tecum

240 1360 365 1420 fraternis
378 1377 450 1438 agot
470 1373 564 1424 toturn
580 1368 613 1422 ut'
626 1364 770 1432 animum,
788 1378 883 1420 curam
898 1362 1120 1437 cogitationem·

240 1453 298 1512 que
311 1449 388 1496 tuam
404 1454 490 1513 ponas
504 1439 533 1500 in
554 1440 684 1501 omniurn
703 1439 785 1499 laude
806 1438 929 1514 undique
950 1437 1121 1515 colligenda.

241 1511 331 1587 Quod
352 1511 373 1572 st
392 1513 422 1572 in
444 1514 580 1576 mediocri
600 1516 670 1575 statu
688 1514 822 1574 sermonis
855 1530 888 1574 ac
909 1513 1121 1590 praedicationir

240 1587 341 1674 nofirae
355 1606 397 1648 res
416 1587 524 1650 essent:
543 1591 612 1652 nihil
632 1591 726 1652 abste
747 1591 906 1660 eximium,
924 1589 998 1649 nihil
1021 1603 1123 1666 praeter

241 1662 359 1722 altorum
372 1665 604 1730 consuetudinem
615 1667 803 1744 postularetur.
828 1682 904 1726 nunt
918 1664 990 1724 verb
1006 1679 1121 1742 propter

244 1755 341 1798 earum
355 1757 466 1826 return,
484 1744 627 1878 inffluibus
643 1743 739 1804 versati
750 1743 842 1802 sumus
857 1786 867 1812 ‚
885 1740 1072 1818 splendorem
1093 1744 1122 1802 δι

240 1815 481 1891 magnitudinem,
499 1819 527 1882 n'
540 1838 550 1878 1
562 1819 700 1880 summam
714 1819 827 1880 laudem
849 1837 884 1878 ert
904 1817 956 1878 ista,
971 1821 1123 1893 prouincia

242 1887 425 1977 allequimur,
445 1895 492 1954 vix
508 1895 635 1960 videmur
646 1897 786 1958 summam
798 1895 1039 1971 vituperationem
1046 1892 1122 1972 poffe

242 1978 338 2027 vitare.
365 1969 406 2028 Ea
419 1970 511 2030 nostra
523 1973 594 2032 ratio
608 1973 663 2043 eil,
681 1986 713 2032 ut
725 1989 825 2032 omnes
839 1971 907 2034 boni
919 1969 987 2030 curn
995 1971 1126 2041 faveant,

127 2077 130 2086 ·
243 2052 306 2102 turn
331 2045 415 2104 etiarn
436 2045 453 2106 d
475 2046 555 2108 nobis
586 2066 704 2110 ornnem
733 2047 902 2125 diligentiam
927 2048 1126 2125 virtutemque

95 2134 217 2186 delirae·
245 2113 474 2206 5¹&xpostulent,
501 2124 533 2184 δε
553 2125 732 2200 exspeuentr
751 2141 852 2184 omnes
872 2133 968 2182 autem
998 2123 1127 2199 improbi

96 2200 139 2249 tert
150 2199 184 2252 ut.
246 2195 417 2283 (quodcum
431 2199 462 2258 iis
476 2197 578 2262 bellurn
593 2198 980 2278 suscepimus-sempiternum)
1002 2201 1052 2260 vel
1075 2201 1127 2260 mi·

244 2289 322 2332 mma
342 2291 372 2333 re
393 2273 428 2334 ad
456 2275 714 2350 reprehendendum
734 2277 862 2338 contenti
888 2272 942 2336 effe
964 2275 1128 2336 videantur.

180 2356 185 2365 “
211 2361 212 2366 ’
243 2357 273 2420 .⁴5
281 2351 376 2427 Quare
398 2352 534 2430 quoniam
562 2354 701 2431 ejusmodi
722 2352 898 2414 r⁶thettrum
927 2352 1021 2412 totins
1050 2351 1126 2438 Aba

447 2469 449 2476 .
1074 2445 1129 2488 m.

247 2630 323 2725 eb'h
332 2615 529 2736 labitur,
540 2613 1130 2743 dtr'litlrttt’tttlrndtt‘ttltt

247 2737 310 2797 cuth
326 2743 431 2799 eiusmodi
439 2743 546 2788 theatrum
556 2742 584 2802 est
591 2713 659 2792 t’rtirtt
670 2741 746 2802 Aſsa,
761 2739 878 2788 celebritate
886 2741 932 2792 dre.
948 2711 1022 2804 q'uod
1032 2743 1061 2790 te
1076 2746 1133 2790 bla-

248 2801 342 2852 turiani
356 2803 477 2852 retinuere.
510 2803 596 2870 quippe
612 2803 761 2861 Lambinus,
780 2807 885 2850 theatrum
898 2806 942 2850 tuh
957 2801 1133 2864 virtutihmfl

246 2867 332 2913 datum.
352 2864 392 2916 sed
404 2878 485 2930 pretet
495 2864 547 2916 mis.
559 2866 665 2925 nostros,
681 2880 785 2931 quorum
795 2866 882 2928 aliquit
894 2871 1005 2913 theatrum
1017 2869 1093 2914 terina
1102 2883 1135 2914 ω

248 2929 401 2982 lehrttatedre.
428 2929 502 2991 aliqui
516 2928 645 2980 admittunt
679 2942 771 2978 teterea
781 2943 866 2977 vocem
883 2929 958 2986 Aſse,
972 2926 1085 2978 exclufis
1097 2941 1135 2978 ra·

248 3005 306 3042 men
316 2992 406 3042 cetetia.
421 2995 510 3044 Gruter.
542 2993 622 3044 Etiam
631 2997 663 3043 Ba
673 2993 724 3042 liol.
736 2993 840 3054 ejusmodi
850 2993 957 3042 theatrum
967 2996 1043 3040 tatius
1058 2993 1136 3044 celebre

251 3056 453 3176 οῗέοἶῖιωηκηι
463 3119 491 3182 est
501 3112 567 3168 terias
577 3117 659 3178 Aha]
673 3121 759 3182 Neque
768 3115 811 3177 esi,
826 3114 992 3179 nequeufie,
1010 3112 1136 3167 Beffariu·

250 3175 288 3226 nit
298 3178 368 3228 babet
379 3181 445 3232 libet.
456 3183 516 3230 alter
528 3181 711 3245 manulcriptus,
725 3185 841 3228 Theatrum
852 3182 917 3226 retias
927 3179 991 3238 ,Aſse
1002 3182 1137 3230 virtutem

251 3239 281 3300 est
289 3241 373 3289 datram.
390 3249 443 3308 Ego
454 3259 484 3293 ex
495 3244 540 3292 hac
550 3245 663 3293 varietate
673 3243 696 3292 le
713 3241 803 3292 endum
818 3242 920 3300 conjicio
936 3237 990 3292 fic:
1006 3242 1137 3291 Theatra

213 3353 216 3360 ι
250 3304 554 3364 teisvihuttheeestdetum.
587 3320 644 3354 narn
654 3303 686 3355 eit
696 3257 808 3356 fidentius
819 3303 948 3353 didionem
966 3305 1036 3365 ,Afia
1054 3305 1137 3360 tollo,

253 3359 321 3426 qnbd
336 3363 398 3413 abest
412 3365 428 3415 ὶ
443 3365 581 3418 bessarionis
596 3368 665 3419 libro.
697 3368 723 3416 in
740 3382 770 3416 eo
788 3366 883 3417 tantiam
897 3381 987 3430 muto,
1001 3367 1081 3433 quod
1096 3381 1139 3432 pte

251 3424 438 3492 tetiuslegoter'a
448 3461 457 3492 ,
471 3427 780 3496 ltaptllulatrtestuteutia.
801 3430 948 3498 mopinot,
968 3430 1084 3548 ωωᾶῗᾱ
1102 3427 1149 3478 dir
