2298 3854
147 185 150 192 ,
220 115 412 189 Irruert
450 89 699 188 ‘Prinos
780 87 929 209 v2o37'

35 243 108 292 euru
123 227 241 304 majores
254 229 338 293 nostri
353 227 406 290 eise
421 230 568 292 voluerunt
586 251 594 290 :
614 231 663 307 qui
676 229 732 288 hoc
746 245 806 298 non
819 227 848 285 in
861 226 910 284 be·
969 239 973 244 ·

30 302 241 376 neficiiioco',
266 306 312 367 sed
332 307 361 366 in
379 306 478 370 laboris
505 325 537 366 ac
557 307 699 375 muneris,
719 323 778 364 non
801 301 907 364 temerd

30 377 90 438 nisi
104 379 203 440 libertis
217 381 268 444 suis
283 381 457 442 deserebant:
479 383 575 460 quibus
589 383 626 442 illi
640 381 753 460 quidem
761 399 820 440 non
835 378 907 436 mul-

29 453 68 512 τὸ
92 452 168 516 secus
187 475 220 516 ac
238 459 319 520 servis
344 459 522 534 inrper'abaut.
562 457 635 521 ¹8Sit
655 457 735 518 liuor
754 467 812 516 non
834 455 907 526 suae,

27 529 84 596 sed
99 541 157 594 tuae
171 533 286 595 lenitatis
301 537 452 611 apparitor:
474 536 634 613 majoraque
657 535 803 612 praeferant
823 531 906 592 fasces

26 605 92 692 illi,
111 625 145 666 ac
156 607 260 670 secures
273 611 408 688 dignitatis
421 609 551 688 insignia,
570 611 655 698 quim
669 609 813 688 potestatis.
843 606 908 666 To·

23 693 52 741 tr
67 683 192 760 denique
211 685 243 745 lit
274 687 406 750 rovinciae
420 689 583 763 cognitum,
602 687 651 748 tibi
671 687 822 756 omnium,
841 685 903 760 qui.

25 757 85 818 bus
108 759 222 846 praesis,
247 705 383 834 iilutem,
409 763 531 839 liberos,
551 763 681 833 samam,
700 765 822 822 fortunas
851 759 905 818 elie

25 835 193 901 cariilrmas.
229 838 360 916 Denique
378 841 441 899 haec
461 841 558 916 opinio
589 839 621 898 fit
651 856 710 897 non
738 836 827 896 modo
854 837 904 906 iis,
961 899 964 908 A

24 911 83 987 qui
97 913 201 989 aliquid
215 917 387 991 acceperint,
405 915 450 974 sed
464 917 495 974 iis
515 917 618 984 etiarn,
637 917 686 990 qui
707 913 855 981 dederint,
875 923 905 970 te

22 989 183 1048 inimicum
210 990 249 1061 (fi
276 992 304 1050 id
326 993 508 1068 cognoveris)
535 992 668 1050 futurum.
714 991 814 1064 Neque
834 986 902 1046 vero

22 1065 183 1198 quispuam
198 1065 287 1137 dabit,
306 1066 369 1126 clun
385 1068 435 1126 erit
447 1068 503 1126 hoc
516 1065 687 1142 perspeiium
698 1065 781 1136 ,nihil
788 1081 902 1141 percos,
1003 1117 1007 1122 .

21 1141 81 1216 qui
110 1140 226 1200 rmulant
240 1143 266 1201 se
281 1144 354 1218 apud
368 1155 395 1202 te
410 1143 529 1202 multum
541 1140 634 1219 polle,
649 1141 694 1201 abs
707 1156 735 1199 te
748 1140 833 1204 solere
848 1139 902 1200 im,

19 1218 146 1292 petraei.
177 1219 239 1277 Nec
253 1230 348 1277 tamen
365 1218 401 1277 est
416 1217 478 1277 haec
493 1219 583 1277 oratio
598 1235 661 1277 mea
674 1217 852 1293 hujusmodi,
869 1227 901 1275 ut
914 1225 946 1269 11

19 1307 55 1352 te
73 1293 108 1352 in
124 1304 187 1353 tuos
202 1306 248 1353 aut
261 1295 360 1360 durum
374 1291 427 1354 effe
442 1294 578 1364 nimium,
598 1307 645 1352 aut
663 1291 835 1374 suspiciosum
852 1311 902 1350 ve·

16 1369 92 1430 lim.
132 1371 207 1431 Nam
229 1370 249 1432 fi
269 1373 330 1446 quis
351 1370 387 1430 est
408 1388 531 1441 eorum,
557 1371 606 1448 qui
625 1369 673 1434 ribi
693 1369 795 1431 biennii
815 1368 901 1446 spatio

16 1463 191 1522 numquam
205 1447 234 1505 in
248 1445 428 1523 suspicionem
442 1449 564 1507 avaritiae
577 1447 700 1515 venerit,
720 1445 763 1519 (ut
776 1461 829 1519 ego
837 1445 902 1508 Cae·

15 1523 129 1592 sium,
155 1523 402 1599 &Chaerippum,
421 1525 451 1582 &
472 1523 660 1592 Labeonem,
680 1519 825 1593 &audio,
845 1523 902 1587 &,
941 1517 966 1566 P·
985 1518 1013 1566 Β·

41 1601 97 1658 uia
112 1600 254 1674 cognovi,
274 1599 412 1676 existimo)
431 1599 499 1659 nihil
513 1600 567 1671 est,
586 1599 664 1676 quod
675 1615 735 1657 non
757 1598 788 1655 δε
801 1597 848 1666 iis,
869 1598 900 1655 de

15 1617 39 1746 ἓ,
84 1674 128 1733 uis
149 1674 186 1734 est
207 1675 272 1734 alius
292 1675 536 1752 sejusdemmodi,
555 1675 585 1736 ἃ
599 1673 756 1744 committi,
776 1673 805 1731 δι
825 1671 1048 1734 crediveiusmou

14 1693 177 1812 regimme
190 1763 295 1826 putem.
316 1752 401 1812 Sedsr
421 1755 480 1829 quis
502 1755 561 1823 est,
581 1753 610 1811 in
630 1769 688 1828 quo
698 1749 758 1826 jam
773 1736 1015 1845 ostende-..fietis

14 1831 56 1890 ris
66 1871 77 1898 ‚
89 1827 128 1887 de
141 1845 198 1914 quo
213 1827 315 1915 aliquid
329 1829 451 1890 senseris:
465 1831 530 1890 huic
542 1827 610 1892 nihil
624 1826 767 1888 credideris
777 1825 897 1896 ,nulum
930 1816 957 1848 '¹'

13 1915 140 1982 partem
154 1902 358 1964 exrstrmatronis
370 1918 428 1965 tuae
441 1905 618 1965 commiseris.

59 1981 105 2039 V.
128 1981 168 2038 lu
191 1997 416 2042 nnovrncru
436 1980 504 2040 vero
529 1981 583 2057 ipsa
609 1979 896 2058 srquemesnastus,

12 2057 76 2138 qui
88 2057 119 2116 in
135 2068 211 2124 tuam
226 2055 435 2116 familiaritatem
450 2059 577 2133 ²penitus
597 2058 723 2127 intrarit,
750 2058 798 2132 qui
818 2049 921 2132 nobisa
938 2071 1045 2135 seperta·

11 2131 92 2196 ante
105 2133 190 2192 fuerit
202 2134 328 2208 ignotum
347 2133 412 2192 huic
440 2147 555 2194 uantum
570 2133 738 2192 credendum
763 2131 796 2193 lit
815 2123 994 2200 videzvtsv·

9 2209 170 2289 ·non·quin
185 2207 284 2284 possint
297 2208 376 2270 multi
396 2151 450 2270 elie
469 2208 649 2285 provinciales
669 2210 720 2268 viri
739 2208 829 2277 boui3
849 2209 896 2270 sod

10 2288 79 2346 hoc
95 2285 202 2361 sperare
214 2282 296 2354 licet,
311 2285 435 2364 judicare
446 2283 628 2360 periculosum
642 2283 688 2342 est.
708 2283 805 2342 Multis
818 2286 895 2345 enim

9 2361 238 2426 simulationum
257 2362 405 2420 involucris
421 2363 545 2436 tegitur,
565 2362 595 2419 ἃ
610 2359 685 2436 quasi
698 2359 765 2417 velis
785 2361 896 2434 quibus·

10 2439 93 2500 dam
111 2436 271 2497 obtenditur
293 2437 503 2513 uniuscujusque
523 2449 640 2501 natura:
674 2435 773 2508 frons,
794 2437 895 2508 oculi,

10 2515 120 2585 ,vultus
150 2510 277 2594 persaepe,
301 2513 495 2584 merimuz
529 2514 618 2584 oratio
645 2510 714 2578 vero
743 2510 898 2666 ῐκιέἱῦηιε.

18 2641 23 2649 .
499 2615 505 2625 ·
669 2621 672 2628 ,
750 2599 780 2632 ²0
820 2606 897 2650 uam·

48 2771 94 2814 18.
113 2761 151 2811 Sir
161 2763 224 2821 lilim
232 2761 432 2825 noufirasaevr'rr'a,
441 2763 479 2823 sed
493 2774 533 2813 uu
548 2765 644 2820 lenitatis
653 2765 785 2828 'apparr'ronl
815 2767 850 2812 lta
861 2763 898 2814 le·

9 2825 153 2892 gendum,
169 2840 223 2874 curn
233 2825 259 2874 in
271 2824 322 2874 aliis
336 2823 395 2874 desit
411 2839 458 2876 vox
469 2826 565 2886 sevitia,
586 2826 662 2882 lirim.
695 2829 768 2878 Lr‘etor
785 2844 824 2873 non
835 2827 898 2885 sua,

9 2893 50 2952 sed
67 2903 115 2936 nu
133 2889 227 2936 lenitatis
242 2889 368 2950 appositae]
398 2885 489 2952 Lipsius
503 2887 581 2937 nolier
591 2888 651 2938 libro
665 2903 684 2938 1.
701 2887 775 2938 Eleu.
792 2902 843 2951 cap.
859 2903 897 2942 23·

9 2951 79 3012 aufit
98 2947 220 3003 rescribere
237 2982 247 3005 ,
265 2953 329 2998 liuor
344 2950 457 3011 ananfiies,
472 2951 498 3004 o·
514 2965 554 2998 rua
571 2953 631 3006 lenit,
649 2949 686 3001 sed
702 2952 800 3006 inclinar
815 2963 898 3010 tamen

9 3015 102 3080 magis
119 3014 145 3061 in
160 3011 203 3070 id,
217 3012 283 3076 quod
298 3012 393 3062 Ursinus
409 3012 526 3076 depromit
542 3011 555 3062 ὲ
571 3013 633 3062 libro
649 3046 656 3069 ,
673 3015 757 3068 iiiior,
778 3029 818 3058 nan
829 3013 899 3073 [aoi-

9 3083 64 3134 riae,
79 3077 125 3138 sed
135 3090 174 3124 uu
181 3077 226 3129 dc.
243 3088 351 3132 neutrum
361 3077 447 3144 placet.
465 3077 568 3132 sationes
579 3075 670 3132 ieddidi
682 3075 707 3124 in
718 3074 896 3139 suspicionibus,
946 3069 955 3088 ‘

9 3145 113 3202 Gruter.

43 3220 89 3258 19.
109 3203 277 3260 Provinciam]
292 3201 393 3258 verbum
403 3199 605 3257 animadverfione
615 3200 638 3250 di
658 3213 722 3249 num.
756 3202 820 3248 Nam
838 3215 894 3262 pro-

9 3263 137 3324 vinciales
149 3263 195 3312 hoc
209 3265 264 3321 loeo
276 3263 392 3328 perspicue
403 3279 416 3312 a
433 3265 549 3329 pellantur
560 3267 622 3315 cives
639 3215 669 3312 i.
682 3263 757 3324 quiin
768 3263 890 3326 provincia

9 3329 42 3392 [ic
56 3324 261 3389 negotiabimus,
277 3341 301 3376 ut
312 3328 336 3376 in
347 3330 373 3380 iis
386 3280 462 3378 sufem
474 3342 500 3376 ac
511 3326 659 3381 domicilium
675 3325 821 3375 fortunatum
837 3324 888 3374 sua·

9 3407 67 3450 pum
81 3387 260 3438 constituerent.
293 3391 328 3439 Sic
344 3391 422 3446 infra:
440 3393 539 3438 octatius
555 3395 578 3438 in
587 3390 781 3450 familiaritatibus
798 3391 823 3441 ir
836 3402 888 3451 pro·

9 3454 154 3520 pincs'alirrm
164 3454 273 3506 hominnm
284 3485 293 3512 ‚
306 3456 332 3510 θ
344 3457 472 3507 evaeorum.
486 3475 489 3481 ·
506 3459 637 3507 Hotoman.

38 3520 42 3524 '
368 3545 373 3554 -
437 3523 568 3582 Ooorors
744 3510 887 3579 onm·
