2328 3884
206 125 289 200 eobo
406 129 601 194 Libuit
640 119 939 192 Datrnus'

204 234 278 293 riam
301 227 415 289 tranfire
443 226 593 286 constituit.
632 223 756 285 exulibus
783 225 904 285 reditum
934 225 1093 302 pollicetur.

203 310 260 368 Set
287 310 349 367 lraec
370 307 559 375 omittamus,
585 303 620 364 de
648 303 728 362 nobis
756 301 1005 380 aliquidagamus.
1044 310 1097 366 Ab

203 387 281 446 Axio
303 385 399 459 accepi
419 384 539 442 litteras:
567 381 615 440 De
636 379 746 440 Tirone
766 391 897 456 gratum·
924 381 1098 444 Velienum-

201 462 300 539 diligo.
338 461 468 520 Vestorio
496 458 612 520 reddidi.
651 457 759 518 Servius
784 458 872 534 pridie
893 475 982 517 nonas
1011 461 1087 538 Maji
1152 495 1154 500 ,

182 589 186 601 e
203 541 358 600 Minturnis
372 533 497 597 manliffe
511 537 609 594 dicitur
625 578 634 606 ,
652 534 740 594 hodie
755 544 782 588 ⁷¹
792 536 822 593 in
844 536 994 596 Liternino
1009 555 1094 597 man-

195 615 281 676 ‘uirus
295 615 370 692 apud
385 615 418 674 C.
433 613 610 672 Marcellum.
651 629 709 670 cras
722 612 805 688 igitur
819 629 871 672 nos
886 611 994 671 mature
1009 615 1092 674 vide·

120 706 124 721 ‘
204 693 264 766 bit,
284 693 411 769 mihique
432 690 506 749 dabit
527 700 723 764 argumentum
747 688 782 746 ad
803 699 831 746 te
861 689 992 764 epistolae.
1028 692 1091 766 jam

205 772 284 831 enim
305 787 366 830 non
388 767 497 844 reperio
519 767 587 842 quid
600 767 657 843 ,tibi
682 765 807 824 scribam.
844 763 1088 839 Illudfadmiror,

225 845 285 906 uod
302 847 441 910 Antonius
456 843 490 903 ad
505 862 552 902 me
568 862 604 904 ne
619 844 749 902 nuntium
765 839 882 917 quidem
898 884 907 912 ,
926 841 993 902 clun
1018 863 1094 920 prae-

204 865 298 984 lerum
328 939 378 990 nte
405 920 486 982 ualde
507 919 666 980 observarit.
712 918 881 978 7²videlicet
903 919 963 994 (aut
985 920 1092 998 aliquid

694 1020 702 1036 ⁸
1016 1013 1093 1060 atro-

242 1273 445 1328 7o.·‹AEnariem.]
459 1267 565 1318 insulam
576 1269 715 1332 Campaniae
739 1267 848 1318 ittoribus
863 1267 1024 1330 objacentem.
1042 1266 1090 1320 vid.

207 1332 269 1382 l‘lin.
284 1348 329 1391 ιιι,
337 1342 359 1395 a.
377 1337 402 1383 δι
413 1331 484 1383 Isaac.
495 1328 562 1380 vois.
574 1330 606 1378 ad
618 1345 650 1380 11.
662 1337 722 1382 Pom
740 1369 746 1381 .
758 1333 819 1384 Mel.
832 1346 883 1389 c.7.
916 1334 992 1384 Grae.

242 1409 280 1452 71.
297 1403 322 1444 tn
334 1401 466 1455 mimine]
478 1397 531 1444 Liv.
544 1391 707 1446 libxxxvru.
725 1397 750 1446 δι
761 1396 821 1446 Min.
829 1393 870 1445 lib.
878 1408 931 1444 ιιι.
948 1407 1048 1461 cam.
1062 1393 1094 1444 de

149 1517 163 1526 ,
211 1457 321 1524 Scipione
332 1461 363 1524 ul.
374 1463 494 1510 Llnternio.
511 1457 663 1530 Pom2.Mel.
675 1457 715 1508 lib.
725 1472 757 1508 11.
773 1473 854 1522 ιαμ
870 1507 872 1518 ,
889 1460 976 1508 Ceread.
1158 1513 1159 1516 Ἴ

242 1535 281 1578 72.
298 1526 400 1571 Videlicet
410 1523 498 1588 aliquid
508 1527 616 1579 atrocius,
631 1520 688 1580 lya]
719 1524 773 1570 Nos
791 1535 872 1571 totum
887 1521 950 1578 hunc
965 1521 1048 1570 locum
1062 1519 1097 1570 ad

210 1599 317 1635 tererem
333 1585 374 1636 scri
403 1602 470 1635 uram
486 1584 641 1634 reduximus:
664 1582 723 1634 illud
740 1597 820 1634 autem
835 1586 938 1632 videlieet
949 1585 982 1634 ita
999 1583 1096 1634 dietum
1158 1595 1159 1634 ξ

210 1657 283 1712 puto,
298 1661 324 1696 ut
336 1601 445 1699 adilmet
457 1649 498 1704 id,
515 1647 545 1696 de
558 1661 607 1711 quo
623 1649 686 1712 prius
700 1647 868 1703 dubitaverat,
885 1649 1021 1698 Antonium
1030 1645 1097 1704 seili-
1158 1675 1159 1678 =

211 1724 249 1759 cet
267 1725 351 1775 parum
366 1727 430 1773 cena
447 1711 495 1760 fide
512 1709 590 1759 secum
608 1723 685 1784 agere.
718 1726 743 1761 ut
760 1713 808 1761 haec
827 1709 943 1760 sententia
959 1709 987 1759 iit
1004 1711 1098 1761 horum
1159 1735 1160 1774 l

210 1772 352 1832 verbonrm,
369 1775 496 1824 intellellis
506 1776 580 1823 etiam
591 1775 640 1822 illrs
652 1789 703 1840 quae
714 1774 762 1840 ipse
774 1790 817 1840 pet
828 1775 986 1838 interemti
997 1774 1093 1824 reticet:
1158 1815 1160 1826 ι

211 1825 340 1893 videlicet,¹
354 1842 470 1886 ,Antonius
476 1837 557 1897 fallere
572 1853 605 1885 nu
615 1842 708 1900 cogitat:
720 1839 805 1900 fignum
816 1841 874 1885 em'm
888 1837 917 1898 est
929 1851 1009 1900 perum
1024 1839 1098 1886 amice·

211 1903 298 1956 animi,
315 1900 372 1965 quid
383 1903 412 1947 ad
422 1919 454 1947 me
463 1919 488 1948 ne
498 1905 599 1950 nuntium
610 1903 698 1965 quidem
708 1903 808 1963 miserit:
847 1897 1097 1952 osteaautemfihoc
1159 1925 1160 1936 ι

211 1976 264 2012 non
275 1963 321 2021 est,
338 1978 364 2012 ut
377 1963 466 2025 deeius
477 1963 524 2012 fide
535 1963 738 2014 &benevolentia
753 1917 845 2014 timeul

212 2026 298 2076 derarit
310 2027 368 2091 quid
379 2026 426 2078 elle
453 2026 507 2077 ossit
517 2026 585 2104 quod
594 2026 624 2075 ad
635 2027 657 2076 se
668 2041 718 2076 non
730 2023 866 2083 accell'erit,
882 2028 1049 2092 interpretatur
1061 2026 1098 2077 ob
1160 2057 1161 2080 ι

211 2087 238 2138 id
248 2089 352 2141 accidere
362 2043 477 2158 botuile,
492 2092 559 2203 {ruod
570 2105 625 2139 curn
636 2089 679 2154 ipsi
699 2090 789 2153 aliquid
801 2092 902 2140 atrocius
912 2091 927 2140 l
939 2091 1031 2140 casare
1045 2091 1099 2140 im-

212 2167 320 2218 peratum
337 2152 379 2212 fit,
394 2154 477 2206 cotim
501 2155 536 2203 tbi
551 2168 639 2218 negare
656 2153 764 2206 voluerit.
799 2156 900 2204 Miratur
915 2154 987 2219 igitur
1003 2154 1097 2204 Cicero

181 2270 183 2282 ,
211 2229 264 2264 tam
280 2215 379 2268 subitam
396 2219 421 2268 in
442 2219 553 2269 Antonio
576 2217 757 2266 mutationem:
779 2218 913 2266 cumcuim
930 2231 1000 2268 autea
1021 2217 1098 2268 valde

210 2277 289 2344 ipsum
300 2278 453 2341 observailet,
470 2281 567 2348 repenti
578 2283 662 2330 omnia
672 2281 697 2329 in
708 2281 777 2330 illum
793 2279 873 2330 officia
883 2277 984 2330 deseruit
995 2297 1003 2327 ι
1018 2295 1098 2346 quare

210 2341 301 2406 judicat
313 2359 352 2394 aur
363 2359 447 2410 parum
456 2344 547 2395 lincero
559 2346 642 2394 animo
652 2344 722 2393 illum
733 2359 803 2394 antea
814 2341 892 2392 secum
903 2339 926 2392 se
937 2339 1041 2408 gerute,
1053 2359 1099 2396 aut

210 2405 303 2470 pudore
313 2407 452 2459 deterritum
462 2407 492 2458 ad
504 2407 580 2472 ipsum
592 2424 643 2457 non
654 2405 787 2466 acceffille,
805 2423 835 2456 tre
850 2421 974 2474 cogeretur
990 2406 1035 2456 fibi
1051 2422 1099 2457 co·

209 2469 264 2520 rim
275 2486 376 2538 negare,
391 2487 443 2536 quae
458 2471 615 2522 commodare
630 2469 752 2534 nequibat.
777 2473 856 2524 Viciae.
890 2469 992 2521 Helmst.
1008 2472 1100 2519 videli-

208 2547 241 2580 eet
251 2535 341 2598 aliquid
350 2539 445 2583 atrocius
460 2537 486 2582 de
501 2551 535 2580 me
550 2537 688 2596 impetratum
703 2533 738 2594 est.
772 2535 868 2584 baillol,
884 2537 986 2582 videlicet
1001 2537 1098 2600 aliquid

208 2601 303 2644 atrocius
314 2601 339 2644 tle
351 2615 384 2644 me
400 2602 538 2660 impetratum
549 2597 593 2658 effe.
628 2600 683 2645 Haec
699 2612 754 2647 vera
771 2599 838 2660 hujus
851 2599 900 2648 loci
916 2595 1029 2663 scriptura
1046 2597 1099 2655 est,

208 2671 285 2720 quarn
296 2672 470 2724 corruperunt,
487 2659 529 2723 qui
544 2659 552 2707 i
572 2673 685 2708 norarunt
700 2663 777 2724 prisce
792 2663 918 2727 elegantia
933 2663 1097 2714 locutionem.

207 1217 228 1254 ee
243 1207 347 1264 litteras,
362 1205 389 1255 in
399 1173 511 1256 omuibus
521 1203 547 1254 δι
557 1201 647 1270 scriptis
659 1207 684 1256 δι
695 1205 811 1396 ἰιιιῖιοίΐιι
822 1204 916 1269 legitur.
933 1205 1030 1268 Maielli.

846 1976 887 2012 um
898 1959 1001 2021 fit‚cum
1014 1961 1099 2012 confi·
1155 1949 1161 2006 l

119 2725 124 2738 ¹
210 2724 315 2770 Videlicet
326 2725 351 2772 bt
359 2725 442 2784 scilicet
452 2723 509 2788 laepe
520 2723 545 2798 in
564 2723 644 2770 nitivis
654 2725 789 2790 junguntur,
805 2727 858 2776 Cic.
876 2741 920 2790 pro
937 2724 1037 2774 cornel.
1057 2729 1101 2772 Vi·

210 2785 286 2897 rgelicfit
305 2789 400 2834 homt‘ntt
414 2785 495 2846 foeneet
517 2805 541 2835 m
562 2788 658 2835 medium
678 2791 707 2834 ad
730 2791 856 2838 tentandum
877 2789 987 2852 projellus.
1015 2789 1097 2840 Haut.

229 2859 261 2897 ilc
280 2885 287 2900 ι

177 2950 179 2959 .
225 2970 266 3022 b‘d
355 2911 456 2961 Videlicet
467 2913 531 2960 illum
543 2912 612 2978 fmffe
623 2915 804 2980 portuensium.
841 2903 843 2912 ’

214 2978 225 3024 1
243 2989 251 3021 ι
268 3008 276 3022 ο
354 3024 454 3087 Videlicet
460 3040 528 3118 fuiffe
543 3042 610 3087 illem
624 3057 716 3106 nequam
727 3041 884 3102 adolescentem.

213 3103 305 3176 ξηαπ.
353 3167 400 3228 Effe
409 3168 512 3214 videlicet
524 3170 547 3214 in
559 3167 617 3213 nelis
627 3169 749 3230 primordia
760 3183 840 3217 rtrum.
898 3152 900 3164 Α

216 3230 307 3279 Omnia
317 3243 415 3294 quoque
424 3230 496 3298 plana
511 3241 593 3286 erunt,
611 3227 628 3278 fi
645 3227 678 3278 fic
693 3227 816 3286 scribatur,
833 3241 858 3278 ut
875 3231 901 3279 in
917 3239 996 3280 vetere
1011 3232 1102 3284 codice

212 3291 325 3358 scn'ptum
336 3291 376 3343 eli.
410 3295 504 3349 Miror,
520 3295 619 3356 inquit,
641 3294 735 3356 nullum
751 3293 865 3342 nuncium
880 3292 912 3340 ad
928 3309 968 3341 me
984 3291 1050 3346 mitti
1069 3299 1102 3348 ab

212 3357 335 3412 Antonio,
354 3357 396 3418 qui
406 3369 445 3404 me
457 3367 527 3404 antea
537 3357 638 3405 colebat.
673 3357 716 3404 Sed
729 3359 778 3414 iam
796 3357 856 3406 milri
872 3354 964 3406 subolet
982 3358 1051 3420 hujus
1064 3364 1103 3412 rei

212 3417 295 3469 cautla.
330 3419 452 3468 Nimirum
464 3420 499 3478 illi¹
509 3419 653 3484 imperatum
667 3419 700 3468 est
716 3419 731 3468 i
747 3418 856 3476 cesare,
873 3435 903 3470 ne
919 3436 959 3468 me
974 3421 1104 3482 dimittat,

211 3482 252 3533 sed
267 3483 293 3533 vi
313 3483 421 3540 retineat.
455 3479 518 3534 Mihi
534 3497 591 3536 vero
607 3481 749 3538 laenitatem
767 3481 903 3535 diiledtndi
919 3485 1023 3550 perituro
1046 3501 1104 3604 ⁰31⁰

232 3576 235 3582 ·
1047 3565 1063 3600 v
1094 3567 1103 3601 r
