<?xml version="1.0" encoding="UTF-8"?>
<!DOCTYPE html PUBLIC "-//W3C//DTD XHTML 1.0 Transitional//EN"
    "http://www.w3.org/TR/xhtml1/DTD/xhtml1-transitional.dtd">
<html xmlns="http://www.w3.org/1999/xhtml" xml:lang="en" lang="en">
 <head>
  <title>
</title>
<meta http-equiv="Content-Type" content="text/html;charset=utf-8" />
  <meta name='ocr-system' content='tesseract 3.04.00' />
  <meta name='ocr-capabilities' content='ocr_page ocr_carea ocr_par ocr_line ocrx_word'/>
</head>
<body>
  <div class='ocr_page' id='page_1' title='image "./marcitulliicice09pedigoog_0626.png"; bbox 0 0 2300 3834; ppageno 0'>
   <div class='ocr_carea' id='block_1_1' title="bbox 244 45 1009 150">
    <p class='ocr_par' dir='ltr' id='par_1_1' title="bbox 244 33 1009 150">
     <span class='ocr_line' id='line_1_1' title="bbox 244 45 1009 150; baseline 0.005 -35"><span class='ocrx_word' id='word_1_1' title='bbox 244 49 339 150; x_wconf 64' lang='lat'><strong>2²09⁶</strong></span> <span class='ocrx_word' id='word_1_2' title='bbox 408 45 536 130; x_wconf 64' lang='lat' dir='ltr'>‚Errsm</span> <span class='ocrx_word' id='word_1_3' title='bbox 557 69 608 116; x_wconf 76' lang='lat' dir='ltr'>an</span> <span class='ocrx_word' id='word_1_4' title='bbox 630 50 804 134; x_wconf 81' lang='lat' dir='ltr'>Qumruu</span> <span class='ocrx_word' id='word_1_5' title='bbox 826 47 1009 119; x_wconf 72' lang='lat' dir='ltr'>Frentum</span> 
     </span>
    </p>
   </div>
   <div class='ocr_carea' id='block_1_2' title="bbox 97 149 1150 1714">
    <p class='ocr_par' dir='ltr' id='par_1_2' title="bbox 120 149 1132 395">
     <span class='ocr_line' id='line_1_2' title="bbox 120 149 1132 234; baseline 0.003 -7"><span class='ocrx_word' id='word_1_6' title='bbox 120 149 154 223; x_wconf 52' lang='lat' dir='ltr'>l.</span> <span class='ocrx_word' id='word_1_7' title='bbox 267 167 359 227; x_wconf 84' lang='lat' dir='ltr'>udices</span> <span class='ocrx_word' id='word_1_8' title='bbox 372 183 432 226; x_wconf 88' lang='lat' dir='ltr'>non</span> <span class='ocrx_word' id='word_1_9' title='bbox 450 166 554 226; x_wconf 85' lang='lat' dir='ltr'><strong>habuit.</strong></span> <span class='ocrx_word' id='word_1_10' title='bbox 592 183 692 225; x_wconf 87' lang='lat' dir='ltr'>vereor</span> <span class='ocrx_word' id='word_1_11' title='bbox 720 183 758 226; x_wconf 89' lang='lat' dir='ltr'>ne</span> <span class='ocrx_word' id='word_1_12' title='bbox 778 165 871 224; x_wconf 91' lang='lat' dir='ltr'>homo</span> <span class='ocrx_word' id='word_1_13' title='bbox 891 177 976 225; x_wconf 88' lang='lat' dir='ltr'>taeter</span> <span class='ocrx_word' id='word_1_14' title='bbox 1008 169 1038 228; x_wconf 64' lang='grc' dir='ltr'>ὁ(</span> <span class='ocrx_word' id='word_1_15' title='bbox 1057 170 1132 234; x_wconf 67' lang='lat' dir='ltr'>ferus·</span> 
     </span>
     <span class='ocr_line' id='line_1_3' title="bbox 136 184 1131 329; baseline -0.003 -20"><span class='ocrx_word' id='word_1_16' title='bbox 136 231 158 309; x_wconf 51' lang='grc' dir='ltr'><em>ᾖ</em></span> <span class='ocrx_word' id='word_1_17' title='bbox 185 255 213 307; x_wconf 67' lang='grc' dir='ltr'>Β.</span> <span class='ocrx_word' id='word_1_18' title='bbox 250 184 320 303; x_wconf 70' lang='lat' dir='ltr'>l&#39;ola</span> <span class='ocrx_word' id='word_1_19' title='bbox 334 243 441 306; x_wconf 84' lang='lat' dir='ltr'>Servius</span> <span class='ocrx_word' id='word_1_20' title='bbox 459 242 493 302; x_wconf 89' lang='lat' dir='ltr'>ad</span> <span class='ocrx_word' id='word_1_21' title='bbox 507 241 710 302; x_wconf 83' lang='lat' dir='ltr'>accusationem</span> <span class='ocrx_word' id='word_1_22' title='bbox 725 245 842 329; x_wconf 28' lang='lat' dir='ltr'>veniat..</span> <span class='ocrx_word' id='word_1_23' title='bbox 865 259 935 300; x_wconf 91' lang='lat' dir='ltr'>nam</span> <span class='ocrx_word' id='word_1_24' title='bbox 957 241 1049 304; x_wconf 83' lang='lat' dir='ltr'>n&#39;oller</span> <span class='ocrx_word' id='word_1_25' title='bbox 1062 247 1131 306; x_wconf 76' lang='lat' dir='ltr'>Coe-</span> 
     </span>
     <span class='ocr_line' id='line_1_4' title="bbox 252 317 1129 395; baseline 0.002 -15"><span class='ocrx_word' id='word_1_26' title='bbox 252 318 304 380; x_wconf 91' lang='lat' dir='ltr'>lius</span> <span class='ocrx_word' id='word_1_27' title='bbox 320 319 398 380; x_wconf 86' lang='lat' dir='ltr'>valde</span> <span class='ocrx_word' id='word_1_28' title='bbox 421 331 596 395; x_wconf 79' lang='lat' dir='ltr'>oppugnatur</span> <span class='ocrx_word' id='word_1_29' title='bbox 617 318 633 376; x_wconf 76' lang='lat' dir='ltr'>l</span> <span class='ocrx_word' id='word_1_30' title='bbox 654 331 738 394; x_wconf 84' lang='lat' dir='ltr'>gente</span> <span class='ocrx_word' id='word_1_31' title='bbox 760 317 868 377; x_wconf 82' lang='lat' dir='ltr'>Clodia.</span> <span class='ocrx_word' id='word_1_32' title='bbox 910 332 991 378; x_wconf 88' lang='lat' dir='ltr'>certe</span> <span class='ocrx_word' id='word_1_33' title='bbox 1013 319 1129 386; x_wconf 85' lang='lat' dir='ltr'>nibilest</span> 
     </span>
    </p>

    <p class='ocr_par' dir='ltr' id='par_1_3' title="bbox 101 394 1128 626">
     <span class='ocr_line' id='line_1_5' title="bbox 101 394 1127 477; baseline -0.001 -17"><span class='ocrx_word' id='word_1_34' title='bbox 101 419 114 460; x_wconf 84' lang='lat' dir='ltr'>e</span> <span class='ocrx_word' id='word_1_35' title='bbox 130 407 176 460; x_wconf 82' lang='lat' dir='ltr'>die.</span> <span class='ocrx_word' id='word_1_36' title='bbox 183 411 214 460; x_wconf 84' lang='lat' dir='ltr'>de</span> <span class='ocrx_word' id='word_1_37' title='bbox 255 397 361 457; x_wconf 84' lang='lat' dir='ltr'>adhuc:</span> <span class='ocrx_word' id='word_1_38' title='bbox 382 395 427 456; x_wconf 90' lang='lat' dir='ltr'>sed</span> <span class='ocrx_word' id='word_1_39' title='bbox 444 412 578 454; x_wconf 88' lang='lat' dir='ltr'>ueremur.</span> <span class='ocrx_word' id='word_1_40' title='bbox 597 394 727 477; x_wconf 17' lang='lat' dir='ltr'>*Eodem</span> <span class='ocrx_word' id='word_1_41' title='bbox 744 395 826 470; x_wconf 85' lang='lat' dir='ltr'>igitur</span> <span class='ocrx_word' id='word_1_42' title='bbox 841 395 905 454; x_wconf 88' lang='lat' dir='ltr'>tdie</span> <span class='ocrx_word' id='word_1_43' title='bbox 925 397 1028 472; x_wconf 85' lang='lat' dir='ltr'>Tyriis</span> <span class='ocrx_word' id='word_1_44' title='bbox 1043 400 1081 458; x_wconf 83' lang='lat' dir='ltr'>eli</span> <span class='ocrx_word' id='word_1_45' title='bbox 1093 395 1107 458; x_wconf 85' lang='lat' dir='ltr'>l</span> <span class='ocrx_word' id='word_1_46' title='bbox 1116 433 1127 446; x_wconf 90' lang='lat'><strong>·</strong></span> 
     </span>
     <span class='ocr_line' id='line_1_6' title="bbox 104 469 1128 550; baseline 0.003 -17"><span class='ocrx_word' id='word_1_47' title='bbox 104 475 182 539; x_wconf 70' lang='lat' dir='ltr'>ryme</span> <span class='ocrx_word' id='word_1_48' title='bbox 192 477 245 532; x_wconf 74' lang='lat' dir='ltr'>MS.</span> <span class='ocrx_word' id='word_1_49' title='bbox 254 487 333 532; x_wconf 84' lang='lat' dir='ltr'>natus</span> <span class='ocrx_word' id='word_1_50' title='bbox 346 472 423 532; x_wconf 88' lang='lat' dir='ltr'>datus</span> <span class='ocrx_word' id='word_1_51' title='bbox 437 473 582 548; x_wconf 86' lang='lat' dir='ltr'>frequens:</span> <span class='ocrx_word' id='word_1_52' title='bbox 603 473 760 548; x_wconf 86' lang='lat' dir='ltr'>frequentes</span> <span class='ocrx_word' id='word_1_53' title='bbox 776 469 873 530; x_wconf 72' lang='lat' dir='ltr'>contra</span> <span class='ocrx_word' id='word_1_54' title='bbox 889 473 1000 547; x_wconf 80' lang='lat' dir='ltr'>Syriaci</span> <span class='ocrx_word' id='word_1_55' title='bbox 1014 477 1128 550; x_wconf 83' lang='lat' dir='ltr'>poblica·</span> 
     </span>
     <span class='ocr_line' id='line_1_7' title="bbox 251 544 1128 626; baseline 0.006 -18"><span class='ocrx_word' id='word_1_56' title='bbox 251 551 290 608; x_wconf 92' lang='lat' dir='ltr'>ni.</span> <span class='ocrx_word' id='word_1_57' title='bbox 329 549 511 608; x_wconf 87' lang='lat' dir='ltr'>vehementer</span> <span class='ocrx_word' id='word_1_58' title='bbox 533 561 646 606; x_wconf 80' lang='lat' dir='ltr'>vexatus</span> <span class='ocrx_word' id='word_1_59' title='bbox 667 547 821 606; x_wconf 81' lang='lat' dir='ltr'>Gabinius:</span> <span class='ocrx_word' id='word_1_60' title='bbox 851 544 878 600; x_wconf 76' lang='lat'>58</span> <span class='ocrx_word' id='word_1_61' title='bbox 887 553 1026 626; x_wconf 84' lang='lat' dir='ltr'>exagitati</span> <span class='ocrx_word' id='word_1_62' title='bbox 1040 565 1128 614; x_wconf 81' lang='lat' dir='ltr'>tamen</span> 
     </span>
    </p>

    <p class='ocr_par' dir='ltr' id='par_1_4' title="bbox 253 621 1128 716">
     <span class='ocr_line' id='line_1_8' title="bbox 253 621 1128 716; baseline 0.002 -32"><span class='ocrx_word' id='word_1_63' title='bbox 253 623 271 684; x_wconf 74' lang='lat' dir='ltr'>b</span> <span class='ocrx_word' id='word_1_64' title='bbox 285 626 416 686; x_wconf 91' lang='lat' dir='ltr'>Domitio</span> <span class='ocrx_word' id='word_1_65' title='bbox 430 626 583 701; x_wconf 87' lang='lat' dir='ltr'>publicani,</span> <span class='ocrx_word' id='word_1_66' title='bbox 604 623 683 700; x_wconf 82' lang='lat' dir='ltr'>qubd</span> <span class='ocrx_word' id='word_1_67' title='bbox 696 641 763 682; x_wconf 89' lang='lat' dir='ltr'>eum</span> <span class='ocrx_word' id='word_1_68' title='bbox 778 621 863 682; x_wconf 87' lang='lat' dir='ltr'>ellent</span> <span class='ocrx_word' id='word_1_69' title='bbox 876 642 946 683; x_wconf 92' lang='lat' dir='ltr'>cum</span> <span class='ocrx_word' id='word_1_70' title='bbox 970 629 1053 704; x_wconf 91' lang='lat' dir='ltr'>equis</span> <span class='ocrx_word' id='word_1_71' title='bbox 1072 647 1128 716; x_wconf 72' lang='lat' dir='ltr'>pro-</span> 
     </span>
    </p>

    <p class='ocr_par' dir='ltr' id='par_1_5' title="bbox 252 699 1128 780">
     <span class='ocr_line' id='line_1_9' title="bbox 252 699 1128 780; baseline 0.008 -20"><span class='ocrx_word' id='word_1_72' title='bbox 252 701 347 761; x_wconf 85' lang='lat' dir='ltr'>secuti.</span> <span class='ocrx_word' id='word_1_73' title='bbox 374 702 408 760; x_wconf 90' lang='lat' dir='ltr'>C.</span> <span class='ocrx_word' id='word_1_74' title='bbox 422 699 512 760; x_wconf 87' lang='lat' dir='ltr'>noster</span> <span class='ocrx_word' id='word_1_75' title='bbox 527 700 627 759; x_wconf 84' lang='lat' dir='ltr'>Lamia</span> <span class='ocrx_word' id='word_1_76' title='bbox 639 700 731 776; x_wconf 81' lang='lat' dir='ltr'>paullo</span> <span class='ocrx_word' id='word_1_77' title='bbox 746 699 883 780; x_wconf 78' lang='lat' dir='ltr'>ferociiu,</span> <span class='ocrx_word' id='word_1_78' title='bbox 904 700 973 760; x_wconf 77' lang='lat' dir='ltr'>cum</span> <span class='ocrx_word' id='word_1_79' title='bbox 988 702 1128 767; x_wconf 74' lang='lat' dir='ltr'>Domitius</span> 
     </span>
    </p>

    <p class='ocr_par' dir='ltr' id='par_1_6' title="bbox 252 771 1126 854">
     <span class='ocr_line' id='line_1_10' title="bbox 252 771 1126 854; baseline 0.007 -19"><span class='ocrx_word' id='word_1_80' title='bbox 252 771 375 848; x_wconf 81' lang='lat' dir='ltr'>dixiffet,</span> <span class='ocrx_word' id='word_1_81' title='bbox 395 775 481 836; x_wconf 72' lang='lat' dir='ltr'>vestri</span> <span class='ocrx_word' id='word_1_82' title='bbox 494 776 572 852; x_wconf 78' lang='lat' dir='ltr'>culpl</span> <span class='ocrx_word' id='word_1_83' title='bbox 584 777 646 835; x_wconf 88' lang='lat' dir='ltr'>haec</span> <span class='ocrx_word' id='word_1_84' title='bbox 660 777 837 846; x_wconf 90' lang='lat' dir='ltr'>acciderunt,</span> <span class='ocrx_word' id='word_1_85' title='bbox 857 778 967 854; x_wconf 82' lang='lat' dir='ltr'>equites</span> <span class='ocrx_word' id='word_1_86' title='bbox 983 781 1126 852; x_wconf 84' lang='lat' dir='ltr'>Romaui;</span> 
     </span>
    </p>

    <p class='ocr_par' dir='ltr' id='par_1_7' title="bbox 252 851 1126 930">
     <span class='ocr_line' id='line_1_11' title="bbox 252 851 1126 930; baseline 0.007 -18"><span class='ocrx_word' id='word_1_87' title='bbox 252 851 379 914; x_wconf 70' lang='lat' dir='ltr'>diffolute</span> <span class='ocrx_word' id='word_1_88' title='bbox 393 856 469 913; x_wconf 90' lang='lat' dir='ltr'>enim</span> <span class='ocrx_word' id='word_1_89' title='bbox 480 853 622 930; x_wconf 87' lang='lat' dir='ltr'>judicatis:</span> <span class='ocrx_word' id='word_1_90' title='bbox 643 852 704 912; x_wconf 90' lang='lat' dir='ltr'>Nos</span> <span class='ocrx_word' id='word_1_91' title='bbox 714 852 991 928; x_wconf 83' lang='lat' dir='ltr'>judicarnus,59vos</span> <span class='ocrx_word' id='word_1_92' title='bbox 1006 856 1126 930; x_wconf 84' lang='lat' dir='ltr'>laudatis,</span> 
     </span>
    </p>

    <p class='ocr_par' dir='ltr' id='par_1_8' title="bbox 100 929 1150 1246">
     <span class='ocr_line' id='line_1_12' title="bbox 248 929 1127 1006; baseline 0.007 -18"><span class='ocrx_word' id='word_1_93' title='bbox 248 929 346 1006; x_wconf 90' lang='lat' dir='ltr'>inquit.</span> <span class='ocrx_word' id='word_1_94' title='bbox 387 930 493 990; x_wconf 79' lang='lat' dir='ltr'>netum</span> <span class='ocrx_word' id='word_1_95' title='bbox 509 929 546 988; x_wconf 91' lang='lat' dir='ltr'>est</span> <span class='ocrx_word' id='word_1_96' title='bbox 559 947 595 988; x_wconf 88' lang='lat' dir='ltr'>eo</span> <span class='ocrx_word' id='word_1_97' title='bbox 610 929 655 988; x_wconf 90' lang='lat' dir='ltr'>die</span> <span class='ocrx_word' id='word_1_98' title='bbox 669 929 746 990; x_wconf 88' lang='lat' dir='ltr'>nihil.</span> <span class='ocrx_word' id='word_1_99' title='bbox 782 947 842 989; x_wconf 85' lang='lat' dir='ltr'>nort</span> <span class='ocrx_word' id='word_1_100' title='bbox 864 929 989 990; x_wconf 83' lang='lat' dir='ltr'>diremit.</span> <span class='ocrx_word' id='word_1_101' title='bbox 1033 935 1127 994; x_wconf 89' lang='lat' dir='ltr'>Comi-</span> 
     </span>
     <span class='ocr_line' id='line_1_13' title="bbox 100 1004 1150 1146; baseline 0.007 -83"><span class='ocrx_word' id='word_1_102' title='bbox 100 1011 231 1126; x_wconf 46' lang='lat' dir='ltr'>:mimu-</span> <span class='ocrx_word' id='word_1_103' title='bbox 252 1005 358 1140; x_wconf 54' lang='lat' dir='ltr'>{ialibus</span> <span class='ocrx_word' id='word_1_104' title='bbox 371 1004 466 1066; x_wconf 86' lang='lat' dir='ltr'>diebus</span> <span class='ocrx_word' id='word_1_105' title='bbox 482 1007 557 1094; x_wconf 83' lang='lat' dir='ltr'>,qui</span> <span class='ocrx_word' id='word_1_106' title='bbox 578 1005 731 1140; x_wconf 40' lang='lat' dir='ltr'>&amp;Quiqnallia</span> <span class='ocrx_word' id='word_1_107' title='bbox 741 1005 942 1140; x_wconf 48' lang='lat' dir='ltr'>&#39;&#39;ggquauntum</span> <span class='ocrx_word' id='word_1_108' title='bbox 963 1008 1078 1104; x_wconf 72' lang='lat' dir='ltr'>Appius</span> <span class='ocrx_word' id='word_1_109' title='bbox 1084 1011 1129 1146; x_wconf 50' lang='lat' dir='ltr'>gn·</span> <span class='ocrx_word' id='word_1_110' title='bbox 1148 1058 1150 1117; x_wconf 12' lang='grc' dir='ltr'>ζ</span> 
     </span>
     <span class='ocr_line' id='line_1_14' title="bbox 211 1096 1128 1246; baseline 0.009 -31"><span class='ocrx_word' id='word_1_111' title='bbox 211 1110 219 1124; x_wconf 68' lang='grc'>’</span> <span class='ocrx_word' id='word_1_112' title='bbox 250 1096 749 1235; x_wconf 53' lang='lat' dir='ltr'>seellrlllllllfinll‘lplolnolullae</span> <span class='ocrx_word' id='word_1_113' title='bbox 751 1101 873 1246; x_wconf 62' lang='lat' dir='ltr'>salella}</span> <span class='ocrx_word' id='word_1_114' title='bbox 889 1101 933 1218; x_wconf 61' lang='lat' dir='ltr'>ll</span> <span class='ocrx_word' id='word_1_115' title='bbox 934 1103 954 1142; x_wconf 84' lang='lat'><strong>⁰</strong></span> <span class='ocrx_word' id='word_1_116' title='bbox 961 1101 1128 1240; x_wconf 52' lang='lat' dir='ltr'>elaliuscossl</span> 
     </span>
    </p>

    <p class='ocr_par' dir='ltr' id='par_1_9' title="bbox 97 1235 1126 1542">
     <span class='ocr_line' id='line_1_15' title="bbox 250 1235 1125 1316; baseline 0.007 -23"><span class='ocrx_word' id='word_1_117' title='bbox 250 1253 285 1294; x_wconf 83' lang='lat' dir='ltr'>ex</span> <span class='ocrx_word' id='word_1_118' title='bbox 300 1236 353 1295; x_wconf 90' lang='lat' dir='ltr'>kal.</span> <span class='ocrx_word' id='word_1_119' title='bbox 359 1236 436 1295; x_wconf 88' lang='lat' dir='ltr'>Febr.</span> <span class='ocrx_word' id='word_1_120' title='bbox 444 1253 530 1312; x_wconf 86' lang='lat' dir='ltr'>usque</span> <span class='ocrx_word' id='word_1_121' title='bbox 545 1235 580 1294; x_wconf 92' lang='lat' dir='ltr'>ad</span> <span class='ocrx_word' id='word_1_122' title='bbox 592 1235 644 1294; x_wconf 88' lang='lat' dir='ltr'>kal.</span> <span class='ocrx_word' id='word_1_123' title='bbox 653 1236 737 1294; x_wconf 86' lang='lat' dir='ltr'>Mart.</span> <span class='ocrx_word' id='word_1_124' title='bbox 748 1235 843 1310; x_wconf 83' lang='lat' dir='ltr'>legatis</span> <span class='ocrx_word' id='word_1_125' title='bbox 857 1235 987 1302; x_wconf 78' lang='lat' dir='ltr'>senatum</span> <span class='ocrx_word' id='word_1_126' title='bbox 1002 1241 1125 1316; x_wconf 87' lang='lat' dir='ltr'>quotidie</span> 
     </span>
     <span class='ocr_line' id='line_1_16' title="bbox 98 1311 1126 1388; baseline 0.008 -20"><span class='ocrx_word' id='word_1_127' title='bbox 98 1329 117 1368; x_wconf 79' lang='lat' dir='ltr'>x</span> <span class='ocrx_word' id='word_1_128' title='bbox 130 1321 175 1368; x_wconf 66' lang='lat' dir='ltr'>ortt</span> <span class='ocrx_word' id='word_1_129' title='bbox 248 1312 343 1386; x_wconf 61' lang='lat' dir='ltr'>*derb</span> <span class='ocrx_word' id='word_1_130' title='bbox 376 1312 413 1371; x_wconf 89' lang='lat' dir='ltr'>ita</span> <span class='ocrx_word' id='word_1_131' title='bbox 435 1325 563 1388; x_wconf 88' lang='lat' dir='ltr'>putantur</span> <span class='ocrx_word' id='word_1_132' title='bbox 583 1311 692 1370; x_wconf 83' lang='lat' dir='ltr'>detrudi</span> <span class='ocrx_word' id='word_1_133' title='bbox 713 1311 829 1370; x_wconf 77' lang='lat' dir='ltr'>comitia</span> <span class='ocrx_word' id='word_1_134' title='bbox 851 1313 881 1372; x_wconf 88' lang='lat' dir='ltr'>in</span> <span class='ocrx_word' id='word_1_135' title='bbox 903 1314 1037 1374; x_wconf 83' lang='lat' dir='ltr'>mensem</span> <span class='ocrx_word' id='word_1_136' title='bbox 1053 1318 1126 1376; x_wconf 81' lang='lat' dir='ltr'>Mar·</span> 
     </span>
     <span class='ocr_line' id='line_1_17' title="bbox 97 1379 1124 1466; baseline 0.008 -19"><span class='ocrx_word' id='word_1_137' title='bbox 97 1379 163 1435; x_wconf 52' lang='grc' dir='ltr'>ὄπα</span> <span class='ocrx_word' id='word_1_138' title='bbox 249 1393 331 1450; x_wconf 91' lang='lat' dir='ltr'>tium.</span> <span class='ocrx_word' id='word_1_139' title='bbox 367 1389 414 1449; x_wconf 84' lang='lat' dir='ltr'>sed</span> <span class='ocrx_word' id='word_1_140' title='bbox 433 1402 528 1448; x_wconf 87' lang='lat' dir='ltr'>tamen</span> <span class='ocrx_word' id='word_1_141' title='bbox 549 1389 591 1446; x_wconf 90' lang='lat' dir='ltr'>bis</span> <span class='ocrx_word' id='word_1_142' title='bbox 603 1387 634 1428; x_wconf 84' lang='lat'>⁶0</span> <span class='ocrx_word' id='word_1_143' title='bbox 642 1388 825 1450; x_wconf 89' lang='lat' dir='ltr'>comitialibus</span> <span class='ocrx_word' id='word_1_144' title='bbox 845 1387 962 1448; x_wconf 85' lang='lat' dir='ltr'>tribunis</span> <span class='ocrx_word' id='word_1_145' title='bbox 983 1393 1075 1466; x_wconf 83' lang='lat' dir='ltr'>plebis</span> <span class='ocrx_word' id='word_1_146' title='bbox 1092 1393 1124 1454; x_wconf 81' lang='lat' dir='ltr'>de</span> 
     </span>
     <span class='ocr_line' id='line_1_18' title="bbox 246 1461 1126 1542; baseline 0.006 -16"><span class='ocrx_word' id='word_1_147' title='bbox 246 1466 368 1526; x_wconf 90' lang='lat' dir='ltr'>Gabinio</span> <span class='ocrx_word' id='word_1_148' title='bbox 382 1465 409 1524; x_wconf 92' lang='lat' dir='ltr'>se</span> <span class='ocrx_word' id='word_1_149' title='bbox 423 1465 531 1524; x_wconf 71' lang='lat' dir='ltr'>acturos</span> <span class='ocrx_word' id='word_1_150' title='bbox 546 1461 599 1522; x_wconf 85' lang='lat' dir='ltr'>effe</span> <span class='ocrx_word' id='word_1_151' title='bbox 613 1463 731 1524; x_wconf 86' lang='lat' dir='ltr'>dicunt·</span> <span class='ocrx_word' id='word_1_152' title='bbox 758 1465 865 1524; x_wconf 90' lang='lat' dir='ltr'>Omnia</span> <span class='ocrx_word' id='word_1_153' title='bbox 880 1465 1008 1542; x_wconf 86' lang='lat' dir='ltr'>colligo,</span> <span class='ocrx_word' id='word_1_154' title='bbox 1029 1483 1063 1530; x_wconf 92' lang='lat' dir='ltr'>ut</span> <span class='ocrx_word' id='word_1_155' title='bbox 1075 1487 1126 1530; x_wconf 86' lang='lat' dir='ltr'>uo·</span> 
     </span>
    </p>

    <p class='ocr_par' dir='ltr' id='par_1_10' title="bbox 244 1540 1124 1714">
     <span class='ocr_line' id='line_1_19' title="bbox 244 1540 1124 1660; baseline 0.009 -60"><span class='ocrx_word' id='word_1_156' title='bbox 244 1547 274 1603; x_wconf 90' lang='lat' dir='ltr'>vi</span> <span class='ocrx_word' id='word_1_157' title='bbox 288 1543 401 1602; x_wconf 88' lang='lat' dir='ltr'>scribam</span> <span class='ocrx_word' id='word_1_158' title='bbox 416 1541 519 1660; x_wconf 59' lang='lat' dir='ltr'>aliquid</span> <span class='ocrx_word' id='word_1_159' title='bbox 535 1541 570 1599; x_wconf 89' lang='lat' dir='ltr'>ad</span> <span class='ocrx_word' id='word_1_160' title='bbox 584 1552 620 1599; x_wconf 88' lang='lat' dir='ltr'>te.</span> <span class='ocrx_word' id='word_1_161' title='bbox 647 1541 710 1611; x_wconf 87' lang='lat' dir='ltr'>sed,</span> <span class='ocrx_word' id='word_1_162' title='bbox 724 1551 755 1599; x_wconf 94' lang='lat' dir='ltr'>ut</span> <span class='ocrx_word' id='word_1_163' title='bbox 770 1540 925 1628; x_wconf 79' lang='lat' dir='ltr'>vides‚&#39;.res</span> <span class='ocrx_word' id='word_1_164' title='bbox 941 1561 993 1602; x_wconf 89' lang='lat' dir='ltr'>me</span> <span class='ocrx_word' id='word_1_165' title='bbox 1008 1547 1066 1623; x_wconf 77' lang='lat' dir='ltr'>ipsa</span> <span class='ocrx_word' id='word_1_166' title='bbox 1080 1547 1124 1608; x_wconf 78' lang='lat' dir='ltr'>de·</span> 
     </span>
     <span class='ocr_line' id='line_1_20' title="bbox 246 1617 1124 1714; baseline 0.005 -34"><span class='ocrx_word' id='word_1_167' title='bbox 246 1619 313 1680; x_wconf 87' lang='lat' dir='ltr'>ficit.</span> <span class='ocrx_word' id='word_1_168' title='bbox 339 1619 437 1696; x_wconf 90' lang='lat' dir='ltr'>ltaque</span> <span class='ocrx_word' id='word_1_169' title='bbox 469 1619 522 1678; x_wconf 88' lang='lat' dir='ltr'>¹ad</span> <span class='ocrx_word' id='word_1_170' title='bbox 536 1617 730 1682; x_wconf 85' lang='lat' dir='ltr'>Callisthenem</span> <span class='ocrx_word' id='word_1_171' title='bbox 750 1617 780 1678; x_wconf 87' lang='lat'>&amp;</span> <span class='ocrx_word' id='word_1_172' title='bbox 801 1617 837 1679; x_wconf 84' lang='lat' dir='ltr'>ad</span> <span class='ocrx_word' id='word_1_173' title='bbox 863 1618 1010 1680; x_wconf 85' lang='lat' dir='ltr'>Pbriiltum</span> <span class='ocrx_word' id='word_1_174' title='bbox 1026 1623 1124 1714; x_wconf 61' lang='lat' dir='ltr'>emero:</span> 
     </span>
    </p>
   </div>
   <div class='ocr_carea' id='block_1_3' title="bbox 133 1877 1139 3382">
    <p class='ocr_par' dir='ltr' id='par_1_11' title="bbox 244 1877 1124 1946">
     <span class='ocr_line' id='line_1_21' title="bbox 244 1877 1124 1946; baseline 0.007 -16"><span class='ocrx_word' id='word_1_175' title='bbox 244 1879 319 1937; x_wconf 85' lang='lat' dir='ltr'>stam,</span> <span class='ocrx_word' id='word_1_176' title='bbox 335 1877 374 1929; x_wconf 89' lang='lat' dir='ltr'>sed</span> <span class='ocrx_word' id='word_1_177' title='bbox 384 1880 565 1932; x_wconf 84' lang='lat' dir='ltr'>Marcellino&amp;</span> <span class='ocrx_word' id='word_1_178' title='bbox 578 1877 813 1946; x_wconf 75' lang='lat' dir='ltr'>Philippoeoffiiam</span> <span class='ocrx_word' id='word_1_179' title='bbox 827 1879 980 1933; x_wconf 83' lang='lat' dir='ltr'>ostenderim.</span> <span class='ocrx_word' id='word_1_180' title='bbox 1018 1881 1124 1936; x_wconf 68' lang='lat' dir='ltr'>Alterest</span> 
     </span>
    </p>

    <p class='ocr_par' dir='ltr' id='par_1_12' title="bbox 246 1943 1139 2014">
     <span class='ocr_line' id='line_1_22' title="bbox 246 1943 1139 2014; baseline 0.002 -22"><span class='ocrx_word' id='word_1_181' title='bbox 246 1947 295 1994; x_wconf 83' lang='lat' dir='ltr'>Cn.</span> <span class='ocrx_word' id='word_1_182' title='bbox 316 1945 438 1996; x_wconf 84' lang='lat' dir='ltr'>Domitius</span> <span class='ocrx_word' id='word_1_183' title='bbox 457 1945 508 2002; x_wconf 88' lang='lat' dir='ltr'>hic,</span> <span class='ocrx_word' id='word_1_184' title='bbox 525 1945 567 2006; x_wconf 88' lang='lat' dir='ltr'>qui</span> <span class='ocrx_word' id='word_1_185' title='bbox 580 1945 611 1994; x_wconf 91' lang='lat' dir='ltr'>de</span> <span class='ocrx_word' id='word_1_186' title='bbox 628 1945 652 1993; x_wconf 87' lang='lat' dir='ltr'>vi</span> <span class='ocrx_word' id='word_1_187' title='bbox 668 1947 783 2010; x_wconf 83' lang='lat' dir='ltr'>cognovit</span> <span class='ocrx_word' id='word_1_188' title='bbox 799 1948 825 1996; x_wconf 86' lang='lat' dir='ltr'>in</span> <span class='ocrx_word' id='word_1_189' title='bbox 840 1943 908 1996; x_wconf 83' lang='lat' dir='ltr'>causa</span> <span class='ocrx_word' id='word_1_190' title='bbox 924 1945 1029 2004; x_wconf 88' lang='lat' dir='ltr'>coelii,</span> <span class='ocrx_word' id='word_1_191' title='bbox 1051 1962 1139 2014; x_wconf 73' lang='lat' dir='ltr'>qum.</span> 
     </span>
    </p>

    <p class='ocr_par' dir='ltr' id='par_1_13' title="bbox 242 2006 1124 2120">
     <span class='ocr_line' id='line_1_23' title="bbox 242 2006 1124 2117; baseline 0.008 -63"><span class='ocrx_word' id='word_1_192' title='bbox 242 2007 273 2117; x_wconf 46' lang='lat' dir='ltr'>{n</span> <span class='ocrx_word' id='word_1_193' title='bbox 292 2006 341 2070; x_wconf 81' lang='lat' dir='ltr'>ipsa</span> <span class='ocrx_word' id='word_1_194' title='bbox 361 2007 470 2076; x_wconf 79' lang='lat' dir='ltr'>oratioue</span> <span class='ocrx_word' id='word_1_195' title='bbox 484 2007 570 2058; x_wconf 85' lang='lat' dir='ltr'>Cicero</span> <span class='ocrx_word' id='word_1_196' title='bbox 590 2006 701 2072; x_wconf 75' lang='lat' dir='ltr'>appellat.</span> <span class='ocrx_word' id='word_1_197' title='bbox 724 2009 873 2060; x_wconf 86' lang='lat' dir='ltr'>conlulamm</span> <span class='ocrx_word' id='word_1_198' title='bbox 891 2009 1124 2080; x_wconf 63' lang='lat' dir='ltr'>numquamgffl.</span> 
     </span>
     <span class='ocr_line' id='line_1_24' title="bbox 264 2073 625 2120; baseline 0.003 -4"><span class='ocrx_word' id='word_1_199' title='bbox 264 2073 368 2120; x_wconf 66' lang='lat' dir='ltr'>,Mamm</span> <span class='ocrx_word' id='word_1_200' title='bbox 621 2083 625 2089; x_wconf 70' lang='lat'>¹</span> 
     </span>
    </p>

    <p class='ocr_par' dir='ltr' id='par_1_14' title="bbox 246 2131 1125 2260">
     <span class='ocr_line' id='line_1_25' title="bbox 278 2131 1125 2200; baseline 0.009 -20"><span class='ocrx_word' id='word_1_201' title='bbox 278 2139 314 2189; x_wconf 76' lang='lat'>58.</span> <span class='ocrx_word' id='word_1_202' title='bbox 332 2135 446 2196; x_wconf 75' lang='lat' dir='ltr'>Exagitati</span> <span class='ocrx_word' id='word_1_203' title='bbox 454 2146 525 2181; x_wconf 83' lang='lat' dir='ltr'>tamen</span> <span class='ocrx_word' id='word_1_204' title='bbox 535 2131 656 2182; x_wconf 68' lang='lat' dir='ltr'>aDomt&#39;tio</span> <span class='ocrx_word' id='word_1_205' title='bbox 663 2133 793 2196; x_wconf 69' lang='lat' dir='ltr'>publicani]</span> <span class='ocrx_word' id='word_1_206' title='bbox 808 2139 913 2200; x_wconf 73' lang='lat' dir='ltr'>Tumpto</span> <span class='ocrx_word' id='word_1_207' title='bbox 921 2146 997 2184; x_wconf 70' lang='lat' dir='ltr'>tamen</span> <span class='ocrx_word' id='word_1_208' title='bbox 1008 2137 1125 2191; x_wconf 47' lang='lat' dir='ltr'>Factum</span> 
     </span>
     <span class='ocr_line' id='line_1_26' title="bbox 246 2195 741 2260; baseline 0.002 -15"><span class='ocrx_word' id='word_1_209' title='bbox 246 2195 274 2245; x_wconf 76' lang='grc' dir='ltr'>δι</span> <span class='ocrx_word' id='word_1_210' title='bbox 284 2197 335 2242; x_wconf 79' lang='lat' dir='ltr'>dare</span> <span class='ocrx_word' id='word_1_211' title='bbox 346 2197 427 2258; x_wconf 84' lang='lat' dir='ltr'>paullo</span> <span class='ocrx_word' id='word_1_212' title='bbox 437 2196 501 2259; x_wconf 80' lang='lat' dir='ltr'>poli,</span> <span class='ocrx_word' id='word_1_213' title='bbox 518 2210 561 2260; x_wconf 82' lang='lat' dir='ltr'>pro</span> <span class='ocrx_word' id='word_1_214' title='bbox 572 2197 630 2245; x_wconf 83' lang='lat' dir='ltr'>dari.</span> <span class='ocrx_word' id='word_1_215' title='bbox 664 2195 741 2246; x_wconf 76' lang='lat' dir='ltr'>urfin.</span> 
     </span>
    </p>

    <p class='ocr_par' dir='ltr' id='par_1_15' title="bbox 133 2256 1124 2701">
     <span class='ocr_line' id='line_1_27' title="bbox 279 2256 1122 2326; baseline 0.014 -22"><span class='ocrx_word' id='word_1_216' title='bbox 279 2273 316 2316; x_wconf 80' lang='lat'>59·</span> <span class='ocrx_word' id='word_1_217' title='bbox 334 2263 372 2306; x_wconf 82' lang='lat' dir='ltr'>Vos</span> <span class='ocrx_word' id='word_1_218' title='bbox 382 2260 499 2318; x_wconf 63' lang='lat' dir='ltr'>laudatis]</span> <span class='ocrx_word' id='word_1_219' title='bbox 522 2263 559 2308; x_wconf 85' lang='lat' dir='ltr'>lta</span> <span class='ocrx_word' id='word_1_220' title='bbox 572 2261 597 2308; x_wconf 80' lang='grc' dir='ltr'>δι</span> <span class='ocrx_word' id='word_1_221' title='bbox 611 2257 668 2310; x_wconf 80' lang='lat' dir='ltr'>Pali.</span> <span class='ocrx_word' id='word_1_222' title='bbox 679 2256 719 2308; x_wconf 84' lang='lat' dir='ltr'>sed</span> <span class='ocrx_word' id='word_1_223' title='bbox 728 2257 869 2310; x_wconf 85' lang='lat' dir='ltr'>Wouwetius</span> <span class='ocrx_word' id='word_1_224' title='bbox 879 2256 1003 2326; x_wconf 83' lang='lat' dir='ltr'>adscripfit</span> <span class='ocrx_word' id='word_1_225' title='bbox 1016 2278 1080 2324; x_wconf 73' lang='lat' dir='ltr'>ort,</span> <span class='ocrx_word' id='word_1_226' title='bbox 1093 2277 1122 2316; x_wconf 78' lang='lat' dir='ltr'>ex</span> 
     </span>
     <span class='ocr_line' id='line_1_28' title="bbox 245 2319 1122 2386; baseline 0.003 -15"><span class='ocrx_word' id='word_1_227' title='bbox 245 2321 325 2371; x_wconf 89' lang='lat' dir='ltr'>nescio</span> <span class='ocrx_word' id='word_1_228' title='bbox 337 2337 387 2386; x_wconf 90' lang='lat' dir='ltr'>quo</span> <span class='ocrx_word' id='word_1_229' title='bbox 396 2324 469 2372; x_wconf 85' lang='lat' dir='ltr'>veteri</span> <span class='ocrx_word' id='word_1_230' title='bbox 478 2319 579 2379; x_wconf 87' lang='lat' dir='ltr'>codice,</span> <span class='ocrx_word' id='word_1_231' title='bbox 595 2338 635 2369; x_wconf 84' lang='lat' dir='ltr'>vos</span> <span class='ocrx_word' id='word_1_232' title='bbox 644 2324 762 2372; x_wconf 74' lang='lat' dir='ltr'>coltndttts.</span> <span class='ocrx_word' id='word_1_233' title='bbox 781 2327 874 2372; x_wconf 83' lang='lat' dir='ltr'>Gruter.</span> <span class='ocrx_word' id='word_1_234' title='bbox 909 2327 948 2370; x_wconf 80' lang='lat' dir='ltr'>Vos</span> <span class='ocrx_word' id='word_1_235' title='bbox 959 2327 1076 2376; x_wconf 68' lang='lat' dir='ltr'>cottndbts</span> <span class='ocrx_word' id='word_1_236' title='bbox 1089 2327 1122 2382; x_wconf 64' lang='lat' dir='ltr'>el</span> 
     </span>
     <span class='ocr_line' id='line_1_29' title="bbox 246 2383 1123 2450; baseline 0.008 -15"><span class='ocrx_word' id='word_1_237' title='bbox 246 2385 272 2435; x_wconf 89' lang='lat' dir='ltr'>in</span> <span class='ocrx_word' id='word_1_238' title='bbox 288 2383 455 2450; x_wconf 85' lang='lat' dir='ltr'>manuscripto.</span> <span class='ocrx_word' id='word_1_239' title='bbox 470 2386 544 2443; x_wconf 78' lang='lat' dir='ltr'>vrfin.</span> <span class='ocrx_word' id='word_1_240' title='bbox 577 2390 613 2434; x_wconf 87' lang='lat' dir='ltr'>lta</span> <span class='ocrx_word' id='word_1_241' title='bbox 629 2385 700 2434; x_wconf 87' lang='lat' dir='ltr'>video</span> <span class='ocrx_word' id='word_1_242' title='bbox 714 2387 786 2436; x_wconf 88' lang='lat' dir='ltr'>eriam</span> <span class='ocrx_word' id='word_1_243' title='bbox 803 2384 945 2450; x_wconf 87' lang='lat' dir='ltr'>adscriptum</span> <span class='ocrx_word' id='word_1_244' title='bbox 961 2387 1012 2438; x_wconf 80' lang='lat' dir='ltr'>esse</span> <span class='ocrx_word' id='word_1_245' title='bbox 1024 2391 1041 2440; x_wconf 66' lang='lat' dir='ltr'>*a</span> <span class='ocrx_word' id='word_1_246' title='bbox 1053 2389 1123 2441; x_wconf 64' lang='lat' dir='ltr'>eloh</span> 
     </span>
     <span class='ocr_line' id='line_1_30' title="bbox 246 2447 1124 2512; baseline 0.007 -16"><span class='ocrx_word' id='word_1_247' title='bbox 246 2461 320 2499; x_wconf 87' lang='lat' dir='ltr'>manu</span> <span class='ocrx_word' id='word_1_248' title='bbox 331 2448 431 2502; x_wconf 87' lang='lat' dir='ltr'>editioni</span> <span class='ocrx_word' id='word_1_249' title='bbox 441 2448 526 2510; x_wconf 76' lang='lat' dir='ltr'>maiori</span> <span class='ocrx_word' id='word_1_250' title='bbox 537 2447 661 2504; x_wconf 86' lang='lat' dir='ltr'>Lambini,</span> <span class='ocrx_word' id='word_1_251' title='bbox 676 2464 728 2512; x_wconf 83' lang='lat' dir='ltr'>quae</span> <span class='ocrx_word' id='word_1_252' title='bbox 738 2463 810 2512; x_wconf 84' lang='lat' dir='ltr'>penes</span> <span class='ocrx_word' id='word_1_253' title='bbox 821 2450 861 2498; x_wconf 79' lang='lat' dir='ltr'>me</span> <span class='ocrx_word' id='word_1_254' title='bbox 871 2447 911 2498; x_wconf 86' lang='lat' dir='ltr'>est.</span> <span class='ocrx_word' id='word_1_255' title='bbox 940 2463 974 2497; x_wconf 87' lang='lat' dir='ltr'>an</span> <span class='ocrx_word' id='word_1_256' title='bbox 984 2467 1017 2499; x_wconf 86' lang='lat' dir='ltr'>ea</span> <span class='ocrx_word' id='word_1_257' title='bbox 1029 2451 1058 2502; x_wconf 85' lang='lat' dir='ltr'>tir</span> <span class='ocrx_word' id='word_1_258' title='bbox 1072 2469 1124 2504; x_wconf 77' lang='grc' dir='ltr'>ωι-</span> 
     </span>
     <span class='ocr_line' id='line_1_31' title="bbox 245 2509 1121 2581; baseline 0.006 -24"><span class='ocrx_word' id='word_1_259' title='bbox 245 2523 290 2558; x_wconf 88' lang='lat' dir='ltr'>nus</span> <span class='ocrx_word' id='word_1_260' title='bbox 300 2511 437 2569; x_wconf 85' lang='lat' dir='ltr'>Wouwerii,</span> <span class='ocrx_word' id='word_1_261' title='bbox 454 2526 485 2560; x_wconf 93' lang='lat' dir='ltr'>an</span> <span class='ocrx_word' id='word_1_262' title='bbox 496 2509 551 2561; x_wconf 84' lang='lat' dir='ltr'>verb</span> <span class='ocrx_word' id='word_1_263' title='bbox 563 2511 635 2572; x_wconf 81' lang='lat' dir='ltr'>alius,</span> <span class='ocrx_word' id='word_1_264' title='bbox 649 2510 762 2561; x_wconf 70' lang='lat' dir='ltr'>haetenus</span> <span class='ocrx_word' id='word_1_265' title='bbox 771 2511 882 2576; x_wconf 83' lang='lat' dir='ltr'>expiscari</span> <span class='ocrx_word' id='word_1_266' title='bbox 893 2526 945 2559; x_wconf 88' lang='lat' dir='ltr'>non</span> <span class='ocrx_word' id='word_1_267' title='bbox 952 2516 1040 2576; x_wconf 84' lang='lat' dir='ltr'>potui,</span> <span class='ocrx_word' id='word_1_268' title='bbox 1056 2510 1121 2581; x_wconf 65' lang='lat' dir='ltr'>qnbl</span> 
     </span>
     <span class='ocr_line' id='line_1_32' title="bbox 244 2570 1121 2644; baseline 0.009 -24"><span class='ocrx_word' id='word_1_269' title='bbox 244 2570 294 2620; x_wconf 87' lang='lat' dir='ltr'>nus</span> <span class='ocrx_word' id='word_1_270' title='bbox 305 2588 360 2622; x_wconf 85' lang='lat' dir='ltr'>uam</span> <span class='ocrx_word' id='word_1_271' title='bbox 371 2571 487 2636; x_wconf 82' lang='lat' dir='ltr'>scriptoris</span> <span class='ocrx_word' id='word_1_272' title='bbox 497 2588 588 2623; x_wconf 90' lang='lat' dir='ltr'>nomen</span> <span class='ocrx_word' id='word_1_273' title='bbox 598 2573 707 2637; x_wconf 82' lang='lat' dir='ltr'>ap&#39;pareat</span> <span class='ocrx_word' id='word_1_274' title='bbox 718 2577 743 2624; x_wconf 78' lang='grc' dir='ltr'>δι</span> <span class='ocrx_word' id='word_1_275' title='bbox 755 2589 839 2624; x_wconf 84' lang='lat' dir='ltr'>manus</span> <span class='ocrx_word' id='word_1_276' title='bbox 850 2577 982 2624; x_wconf 85' lang='lat' dir='ltr'>Wouwerii</span> <span class='ocrx_word' id='word_1_277' title='bbox 997 2580 1061 2630; x_wconf 88' lang='lat' dir='ltr'>mibi</span> <span class='ocrx_word' id='word_1_278' title='bbox 1072 2581 1121 2644; x_wconf 79' lang='lat' dir='ltr'>pla·</span> 
     </span>
     <span class='ocr_line' id='line_1_33' title="bbox 133 2588 1120 2701; baseline 0.014 -20"><span class='ocrx_word' id='word_1_279' title='bbox 133 2645 147 2665; x_wconf 60' lang='lat'><strong>*</strong></span> <span class='ocrx_word' id='word_1_280' title='bbox 244 2647 277 2682; x_wconf 88' lang='lat' dir='ltr'>ne</span> <span class='ocrx_word' id='word_1_281' title='bbox 288 2588 316 2684; x_wconf 70' lang='lat' dir='ltr'>lle</span> <span class='ocrx_word' id='word_1_282' title='bbox 327 2637 418 2701; x_wconf 78' lang='lat' dir='ltr'>ignota</span> <span class='ocrx_word' id='word_1_283' title='bbox 437 2637 534 2686; x_wconf 88' lang='lat' dir='ltr'>interim</span> <span class='ocrx_word' id='word_1_284' title='bbox 544 2637 598 2686; x_wconf 86' lang='lat' dir='ltr'>satis</span> <span class='ocrx_word' id='word_1_285' title='bbox 611 2649 675 2701; x_wconf 81' lang='lat' dir='ltr'>patet</span> <span class='ocrx_word' id='word_1_286' title='bbox 686 2639 755 2686; x_wconf 90' lang='lat' dir='ltr'>illum</span> <span class='ocrx_word' id='word_1_287' title='bbox 765 2638 789 2687; x_wconf 95' lang='lat' dir='ltr'>id</span> <span class='ocrx_word' id='word_1_288' title='bbox 799 2635 899 2700; x_wconf 78' lang='lat' dir='ltr'>potuisse</span> <span class='ocrx_word' id='word_1_289' title='bbox 908 2637 1021 2699; x_wconf 84' lang='lat' dir='ltr'>proferre</span> <span class='ocrx_word' id='word_1_290' title='bbox 1030 2658 1060 2692; x_wconf 82' lang='lat' dir='ltr'>ex</span> <span class='ocrx_word' id='word_1_291' title='bbox 1069 2647 1120 2694; x_wconf 71' lang='lat' dir='ltr'>MS.</span> 
     </span>
    </p>

    <p class='ocr_par' dir='ltr' id='par_1_16' title="bbox 243 2695 997 2765">
     <span class='ocr_line' id='line_1_34' title="bbox 243 2695 997 2765; baseline 0.004 -19"><span class='ocrx_word' id='word_1_292' title='bbox 243 2695 336 2756; x_wconf 83' lang='lat' dir='ltr'>Urfini,</span> <span class='ocrx_word' id='word_1_293' title='bbox 352 2698 418 2765; x_wconf 92' lang='lat' dir='ltr'>quod</span> <span class='ocrx_word' id='word_1_294' title='bbox 428 2699 515 2749; x_wconf 88' lang='lat' dir='ltr'>mitum</span> <span class='ocrx_word' id='word_1_295' title='bbox 526 2698 560 2749; x_wconf 89' lang='lat' dir='ltr'>est</span> <span class='ocrx_word' id='word_1_296' title='bbox 571 2704 697 2748; x_wconf 81' lang='lat' dir='ltr'>Gruterum</span> <span class='ocrx_word' id='word_1_297' title='bbox 713 2717 763 2749; x_wconf 91' lang='lat' dir='ltr'>non</span> <span class='ocrx_word' id='word_1_298' title='bbox 774 2698 862 2751; x_wconf 84' lang='lat' dir='ltr'>vidiffe.</span> <span class='ocrx_word' id='word_1_299' title='bbox 896 2703 997 2764; x_wconf 80' lang='lat' dir='ltr'>Verburg.</span> 
     </span>
    </p>

    <p class='ocr_par' dir='ltr' id='par_1_17' title="bbox 232 2762 1120 3382">
     <span class='ocr_line' id='line_1_35' title="bbox 276 2762 1120 2828; baseline 0.012 -20"><span class='ocrx_word' id='word_1_300' title='bbox 276 2769 317 2810; x_wconf 76' lang='lat' dir='ltr'>oo.</span> <span class='ocrx_word' id='word_1_301' title='bbox 333 2764 502 2820; x_wconf 69' lang='lat' dir='ltr'>comitialibus]</span> <span class='ocrx_word' id='word_1_302' title='bbox 515 2763 563 2828; x_wconf 73' lang='lat' dir='ltr'>Qui</span> <span class='ocrx_word' id='word_1_303' title='bbox 573 2763 633 2811; x_wconf 86' lang='lat' dir='ltr'>nulli</span> <span class='ocrx_word' id='word_1_304' title='bbox 643 2762 700 2812; x_wconf 88' lang='lat' dir='ltr'>dum</span> <span class='ocrx_word' id='word_1_305' title='bbox 711 2763 811 2814; x_wconf 89' lang='lat' dir='ltr'>fuerant.</span> <span class='ocrx_word' id='word_1_306' title='bbox 829 2776 886 2810; x_wconf 79' lang='lat' dir='ltr'>uam</span> <span class='ocrx_word' id='word_1_307' title='bbox 898 2775 955 2812; x_wconf 87' lang='lat' dir='ltr'>toto</span> <span class='ocrx_word' id='word_1_308' title='bbox 967 2765 1054 2818; x_wconf 90' lang='lat' dir='ltr'>mense</span> <span class='ocrx_word' id='word_1_309' title='bbox 1064 2765 1120 2825; x_wconf 73' lang='lat' dir='ltr'>reb.</span> 
     </span>
     <span class='ocr_line' id='line_1_36' title="bbox 237 2824 1119 2895; baseline 0.003 -22"><span class='ocrx_word' id='word_1_310' title='bbox 237 2825 372 2874; x_wconf 84' lang='lat' dir='ltr'>comitiales</span> <span class='ocrx_word' id='word_1_311' title='bbox 385 2826 426 2889; x_wconf 90' lang='lat' dir='ltr'>qui</span> <span class='ocrx_word' id='word_1_312' title='bbox 437 2825 546 2883; x_wconf 85' lang='lat' dir='ltr'>fuerunt,</span> <span class='ocrx_word' id='word_1_313' title='bbox 561 2839 646 2874; x_wconf 84' lang='lat' dir='ltr'>omnes</span> <span class='ocrx_word' id='word_1_314' title='bbox 656 2824 708 2889; x_wconf 83' lang='lat' dir='ltr'>post</span> <span class='ocrx_word' id='word_1_315' title='bbox 719 2825 869 2889; x_wconf 80' lang='lat' dir='ltr'>Quirinalia,</span> <span class='ocrx_word' id='word_1_316' title='bbox 885 2840 929 2874; x_wconf 88' lang='lat' dir='ltr'>nee</span> <span class='ocrx_word' id='word_1_317' title='bbox 947 2828 1031 2890; x_wconf 84' lang='lat' dir='ltr'>piures</span> <span class='ocrx_word' id='word_1_318' title='bbox 1046 2843 1119 2895; x_wconf 73' lang='lat' dir='ltr'>qnam</span> 
     </span>
     <span class='ocr_line' id='line_1_37' title="bbox 238 2885 1118 2946; baseline 0.003 -10"><span class='ocrx_word' id='word_1_319' title='bbox 238 2885 279 2937; x_wconf 83' lang='lat' dir='ltr'>sex</span> <span class='ocrx_word' id='word_1_320' title='bbox 291 2885 360 2938; x_wconf 82' lang='lat' dir='ltr'>fuiffe</span> <span class='ocrx_word' id='word_1_321' title='bbox 370 2887 470 2939; x_wconf 85' lang='lat' dir='ltr'>constat.</span> <span class='ocrx_word' id='word_1_322' title='bbox 502 2889 645 2938; x_wconf 82' lang='lat' dir='ltr'>comitiales</span> <span class='ocrx_word' id='word_1_323' title='bbox 659 2902 739 2940; x_wconf 84' lang='lat' dir='ltr'>autern</span> <span class='ocrx_word' id='word_1_324' title='bbox 748 2903 815 2938; x_wconf 87' lang='lat' dir='ltr'>erant</span> <span class='ocrx_word' id='word_1_325' title='bbox 826 2887 856 2936; x_wconf 91' lang='lat' dir='ltr'>de</span> <span class='ocrx_word' id='word_1_326' title='bbox 871 2903 974 2942; x_wconf 77' lang='lat' dir='ltr'>numero</span> <span class='ocrx_word' id='word_1_327' title='bbox 991 2891 1118 2946; x_wconf 66' lang='lat' dir='ltr'>tastonam</span> 
     </span>
     <span class='ocr_line' id='line_1_38' title="bbox 232 2947 1119 3018; baseline 0.008 -19"><span class='ocrx_word' id='word_1_328' title='bbox 232 2947 277 3006; x_wconf 65' lang='lat' dir='ltr'>,sed</span> <span class='ocrx_word' id='word_1_329' title='bbox 289 2952 375 3012; x_wconf 87' lang='lat' dir='ltr'>eodem</span> <span class='ocrx_word' id='word_1_330' title='bbox 387 2965 496 3018; x_wconf 86' lang='lat' dir='ltr'>tempore</span> <span class='ocrx_word' id='word_1_331' title='bbox 509 2955 534 3002; x_wconf 79' lang='lat' dir='ltr'>bc</span> <span class='ocrx_word' id='word_1_332' title='bbox 545 2954 598 3015; x_wconf 78' lang='lat' dir='ltr'>lege</span> <span class='ocrx_word' id='word_1_333' title='bbox 609 2953 634 3000; x_wconf 78' lang='grc' dir='ltr'>δι</span> <span class='ocrx_word' id='word_1_334' title='bbox 646 2965 700 3000; x_wconf 90' lang='lat' dir='ltr'>eum</span> <span class='ocrx_word' id='word_1_335' title='bbox 712 2952 801 3018; x_wconf 79' lang='lat' dir='ltr'>populo</span> <span class='ocrx_word' id='word_1_336' title='bbox 813 2965 863 3000; x_wconf 89' lang='lat' dir='ltr'>non</span> <span class='ocrx_word' id='word_1_337' title='bbox 873 2951 1000 3016; x_wconf 80' lang='lat' dir='ltr'>agebatur:</span> <span class='ocrx_word' id='word_1_338' title='bbox 1021 2955 1040 3004; x_wconf 84' lang='lat' dir='ltr'>fi</span> <span class='ocrx_word' id='word_1_339' title='bbox 1052 2957 1076 3006; x_wconf 91' lang='lat' dir='ltr'>le</span> <span class='ocrx_word' id='word_1_340' title='bbox 1109 2989 1119 3016; x_wconf 84' lang='lat'>‚</span> 
     </span>
     <span class='ocr_line' id='line_1_39' title="bbox 234 3014 1049 3080; baseline 0.006 -18"><span class='ocrx_word' id='word_1_341' title='bbox 234 3027 287 3063; x_wconf 85' lang='lat' dir='ltr'>non</span> <span class='ocrx_word' id='word_1_342' title='bbox 307 3030 362 3064; x_wconf 91' lang='lat' dir='ltr'>eum</span> <span class='ocrx_word' id='word_1_343' title='bbox 380 3015 489 3080; x_wconf 80' lang='lat' dir='ltr'>populo:</span> <span class='ocrx_word' id='word_1_344' title='bbox 518 3015 536 3064; x_wconf 81' lang='lat' dir='ltr'>fi</span> <span class='ocrx_word' id='word_1_345' title='bbox 558 3029 613 3062; x_wconf 91' lang='lat' dir='ltr'>cum</span> <span class='ocrx_word' id='word_1_346' title='bbox 629 3015 743 3078; x_wconf 84' lang='lat' dir='ltr'>populo,</span> <span class='ocrx_word' id='word_1_347' title='bbox 765 3029 815 3063; x_wconf 88' lang='lat' dir='ltr'>nou</span> <span class='ocrx_word' id='word_1_348' title='bbox 832 3015 893 3078; x_wconf 79' lang='lat' dir='ltr'>lege.</span> <span class='ocrx_word' id='word_1_349' title='bbox 926 3014 962 3064; x_wconf 87' lang='lat' dir='ltr'>ita</span> <span class='ocrx_word' id='word_1_350' title='bbox 980 3032 1013 3066; x_wconf 88' lang='lat' dir='ltr'>ue</span> <span class='ocrx_word' id='word_1_351' title='bbox 1031 3019 1049 3068; x_wconf 92' lang='lat' dir='ltr'>li</span> 
     </span>
     <span class='ocr_line' id='line_1_40' title="bbox 237 3031 1118 3142; baseline 0.009 -18"><span class='ocrx_word' id='word_1_352' title='bbox 237 3085 377 3142; x_wconf 84' lang='lat' dir='ltr'>utrumque:</span> <span class='ocrx_word' id='word_1_353' title='bbox 395 3076 433 3128; x_wconf 92' lang='lat' dir='ltr'>sed</span> <span class='ocrx_word' id='word_1_354' title='bbox 443 3076 530 3128; x_wconf 88' lang='lat' dir='ltr'>eodem</span> <span class='ocrx_word' id='word_1_355' title='bbox 540 3090 649 3142; x_wconf 78' lang='lat' dir='ltr'>tempore</span> <span class='ocrx_word' id='word_1_356' title='bbox 659 3092 786 3142; x_wconf 81' lang='lat' dir='ltr'>utrumque</span> <span class='ocrx_word' id='word_1_357' title='bbox 797 3091 847 3126; x_wconf 88' lang='lat' dir='ltr'>non</span> <span class='ocrx_word' id='word_1_358' title='bbox 860 3076 939 3127; x_wconf 85' lang='lat' dir='ltr'>fiebat.</span> <span class='ocrx_word' id='word_1_359' title='bbox 963 3031 1067 3130; x_wconf 73' lang='lat' dir='ltr'>lenaeus</span> <span class='ocrx_word' id='word_1_360' title='bbox 1079 3097 1118 3132; x_wconf 85' lang='lat' dir='ltr'>au·</span> 
     </span>
     <span class='ocr_line' id='line_1_41' title="bbox 239 3139 1117 3204; baseline 0.009 -16"><span class='ocrx_word' id='word_1_361' title='bbox 239 3149 290 3188; x_wconf 90' lang='lat' dir='ltr'>tem</span> <span class='ocrx_word' id='word_1_362' title='bbox 307 3155 348 3204; x_wconf 78' lang='lat' dir='ltr'>per</span> <span class='ocrx_word' id='word_1_363' title='bbox 365 3155 408 3189; x_wconf 87' lang='lat' dir='ltr'>eos</span> <span class='ocrx_word' id='word_1_364' title='bbox 423 3141 473 3192; x_wconf 87' lang='lat' dir='ltr'>dies</span> <span class='ocrx_word' id='word_1_365' title='bbox 489 3156 541 3190; x_wconf 88' lang='lat' dir='ltr'>non</span> <span class='ocrx_word' id='word_1_366' title='bbox 555 3140 691 3192; x_wconf 85' lang='lat' dir='ltr'>habebatur.</span> <span class='ocrx_word' id='word_1_367' title='bbox 725 3153 857 3203; x_wconf 86' lang='lat' dir='ltr'>contraque</span> <span class='ocrx_word' id='word_1_368' title='bbox 872 3142 913 3204; x_wconf 90' lang='lat' dir='ltr'>qui</span> <span class='ocrx_word' id='word_1_369' title='bbox 928 3139 981 3190; x_wconf 87' lang='lat' dir='ltr'>dies</span> <span class='ocrx_word' id='word_1_370' title='bbox 999 3141 1057 3194; x_wconf 77' lang='lat' dir='ltr'>fasti</span> <span class='ocrx_word' id='word_1_371' title='bbox 1068 3157 1117 3196; x_wconf 75' lang='lat' dir='ltr'>noe</span> 
     </span>
     <span class='ocr_line' id='line_1_42' title="bbox 239 3201 1118 3271; baseline 0.009 -23"><span class='ocrx_word' id='word_1_372' title='bbox 239 3214 307 3250; x_wconf 87' lang='lat' dir='ltr'>erant</span> <span class='ocrx_word' id='word_1_373' title='bbox 318 3204 465 3260; x_wconf 86' lang='lat' dir='ltr'>comitiales,</span> <span class='ocrx_word' id='word_1_374' title='bbox 482 3204 547 3254; x_wconf 86' lang='lat' dir='ltr'>iis&amp;</span> <span class='ocrx_word' id='word_1_375' title='bbox 565 3205 619 3269; x_wconf 79' lang='lat' dir='ltr'>lege</span> <span class='ocrx_word' id='word_1_376' title='bbox 634 3219 647 3252; x_wconf 89' lang='lat' dir='ltr'>a</span> <span class='ocrx_word' id='word_1_377' title='bbox 666 3205 692 3263; x_wconf 91' lang='lat' dir='ltr'>i,</span> <span class='ocrx_word' id='word_1_378' title='bbox 714 3207 740 3254; x_wconf 76' lang='grc' dir='ltr'>δι</span> <span class='ocrx_word' id='word_1_379' title='bbox 759 3202 838 3253; x_wconf 87' lang='lat' dir='ltr'>haberi</span> <span class='ocrx_word' id='word_1_380' title='bbox 853 3201 981 3261; x_wconf 90' lang='lat' dir='ltr'>senatum,</span> <span class='ocrx_word' id='word_1_381' title='bbox 997 3206 1075 3271; x_wconf 87' lang='lat' dir='ltr'>idque</span> <span class='ocrx_word' id='word_1_382' title='bbox 1088 3218 1118 3260; x_wconf 81' lang='lat' dir='ltr'>eo</span> 
     </span>
     <span class='ocr_line' id='line_1_43' title="bbox 240 3219 1118 3382; baseline 0.016 -70"><span class='ocrx_word' id='word_1_383' title='bbox 240 3261 306 3382; x_wconf 54' lang='lat' dir='ltr'>gieM,</span> <span class='ocrx_word' id='word_1_384' title='bbox 328 3265 444 3317; x_wconf 67' lang='lat' dir='ltr'>confectis</span> <span class='ocrx_word' id='word_1_385' title='bbox 467 3267 581 3329; x_wconf 83' lang='lat' dir='ltr'>judiciis,</span> <span class='ocrx_word' id='word_1_386' title='bbox 605 3219 711 3332; x_wconf 69' lang='lat' dir='ltr'>licelatt</span> <span class='ocrx_word' id='word_1_387' title='bbox 738 3265 878 3330; x_wconf 69' lang='lat' dir='ltr'>initumque</span> <span class='ocrx_word' id='word_1_388' title='bbox 892 3267 1118 3325; x_wconf 76' lang='lat' dir='ltr'>animadvertimus.</span> 
     </span>
    </p>

    <p class='ocr_par' dir='ltr' id='par_1_18' title="bbox 261 3342 362 3379">
     <span class='ocr_line' id='line_1_44' title="bbox 261 3342 362 3379; baseline -0.03 0"><span class='ocrx_word' id='word_1_389' title='bbox 261 3364 267 3379; x_wconf 78' lang='grc' dir='ltr'>ι</span> <span class='ocrx_word' id='word_1_390' title='bbox 303 3342 362 3376; x_wconf 65' lang='lat' dir='ltr'>anm.</span> 
     </span>
    </p>
   </div>
   <div class='ocr_carea' id='block_1_4' title="bbox 231 3383 1118 3512">
    <p class='ocr_par' dir='ltr' id='par_1_19' title="bbox 231 3383 1118 3512">
     <span class='ocr_line' id='line_1_45' title="bbox 231 3383 1118 3512; baseline 0.003 -68"><span class='ocrx_word' id='word_1_391' title='bbox 231 3455 235 3462; x_wconf 43' lang='lat'><strong><em>‚</em></strong></span> <span class='ocrx_word' id='word_1_392' title='bbox 272 3397 314 3446; x_wconf 73' lang='lat' dir='ltr'>er.</span> <span class='ocrx_word' id='word_1_393' title='bbox 330 3383 618 3457; x_wconf 69' lang='lat' dir='ltr'>Adcuttsttenm&#39;redeo.]</span> <span class='ocrx_word' id='word_1_394' title='bbox 637 3395 745 3450; x_wconf 76' lang='lat' dir='ltr'>mustus</span> <span class='ocrx_word' id='word_1_395' title='bbox 753 3391 796 3459; x_wconf 82' lang='lat' dir='ltr'>tit,</span> <span class='ocrx_word' id='word_1_396' title='bbox 803 3405 837 3456; x_wconf 74' lang='grc' dir='ltr'>ιι,</span> <span class='ocrx_word' id='word_1_397' title='bbox 849 3407 902 3461; x_wconf 75' lang='lat' dir='ltr'>cap.</span> <span class='ocrx_word' id='word_1_398' title='bbox 915 3410 938 3456; x_wconf 79' lang='lat' dir='ltr'>t·</span> <span class='ocrx_word' id='word_1_399' title='bbox 948 3397 1051 3454; x_wconf 73' lang='lat' dir='ltr'>moro.</span> <span class='ocrx_word' id='word_1_400' title='bbox 1062 3397 1118 3512; x_wconf 56' lang='lat'>¹²3⁴.</span> 
     </span>
    </p>
   </div>
   <div class='ocr_carea' id='block_1_5' title="bbox 1008 3641 1012 3652">
    <p class='ocr_par' dir='ltr' id='par_1_20' title="bbox 1008 3641 1012 3652">
     <span class='ocr_line' id='line_1_46' title="bbox 1008 3641 1012 3652; baseline 0 0"><span class='ocrx_word' id='word_1_401' title='bbox 1008 3641 1012 3652; x_wconf 83' lang='lat' dir='ltr'>t</span> 
     </span>
    </p>
   </div>
   <div class='ocr_carea' id='block_1_6' title="bbox 0 0 1154 3834">
    <p class='ocr_par' dir='ltr' id='par_1_21' title="bbox 0 0 1154 3834">
     <span class='ocr_line' id='line_1_47' title="bbox 0 0 1154 3834; baseline 0 3"><span class='ocrx_word' id='word_1_402' title='bbox 0 0 1154 3834; x_wconf 95' lang='lat' dir='ltr'> </span> 
     </span>
    </p>
   </div>
  </div>
 </body>
</html>
