2298 3854
126 75 901 184 Error-auArrrcum.'t⁹97
969 105 975 134 ¹
1045 148 1049 154 .

11 200 147 271 edonis,
167 219 226 278 quo
248 200 409 264 mehercule
428 219 469 263 ne
485 217 567 264 antea
594 203 712 282 quidem
738 201 903 264 delectabar.

12 273 97 340 lestis
114 277 183 344 verb
196 279 249 340 tuis
262 278 357 338 litteris
377 280 525 344 admiratus
544 283 676 360 equidem
696 281 773 350 sum,
793 289 822 338 te
840 292 901 340 mur

12 357 205 414 vehementer
237 355 401 416 sententiam
435 357 644 426 commutasse;
665 357 711 416 sed
728 399 737 427 ‚
756 375 816 416 non
842 356 901 414 sine

16 431 102 490 causa
119 473 127 500 ‚
147 432 300 492 arbitrabar.
339 433 406 503 etfi,
425 436 632 510 quamvisrnon
655 435 737 511 suetis
758 432 900 494 suasor&

14 507 155 584 impulsor
174 509 354 584 professionis
376 527 474 580 merc,
507 513 672 588 approbator
701 509 776 570 certe
800 508 900 579 suilli,

16 583 184 646 dummodo
199 585 250 645 lral.
264 587 324 658 Jan.
340 587 443 648 Romae
458 585 551 648 essem.
589 586 628 648 ita
640 585 740 656 fiebat,
761 597 809 655 ut,
827 585 900 644 dum

15 662 117 720 minus
130 661 244 736 periculi
262 661 425 734 videretur,
444 662 587 734 abessem,
607 667 636 724 in
658 663 800 722 flammam
815 661 901 740 lpum
995 679 1015 716 .·

15 740 160 798 venirem.
199 737 244 797 sed
265 739 327 800 haec
345 780 354 808 ‚
372 744 455 800 etiam
478 741 498 800 sr
519 760 578 800 non
606 741 755 818 prudenter
770 783 778 810 ‚
791 744 902 800 tamen

17 815 183 882 ἀνεμέσητα
196 811 256 874 sunt
270 837 280 883 ;
300 818 441 890 primum,
461 816 540 894 quud
553 818 675 876 demea
695 816 828 875 sententia
841 815 903 874 a&

17 891 103 960 sunt;
145 892 245 953 deinde
261 934 271 961 ,
300 895 384 956 etism
400 894 420 953 fi
434 907 463 952 re
477 894 615 964 rudore,
641 892 708 1010 cquid
724 893 806 952 debet
825 933 835 961 ‚
854 893 906 968 qui

19 967 175 1030 consilium
189 969 259 1036 dat,
279 969 404 1044 praestare
425 984 524 1045 praeter
546 970 655 1028 fidem.
688 968 759 1028 llbcd
780 967 928 1041 admirari·

20 1043 86 1104 satis
101 1063 161 1106 uon
177 1046 273 1124 potui,
293 1043 373 1123 qubd
386 1047 507 1122 scripsisti
520 1048 561 1106 his
570 1047 674 1105 uerbis:
696 1047 759 1106 veni
772 1047 854 1122 igitur
864 1061 907 1115 cu,

22 1121 52 1161 ⁶¹
65 1123 114 1202 qui
127 1122 290 1180 essurcrsccr·
317 1123 398 1190 veni;
419 1123 545 1201 relinques
554 1122 696 1199 patriam?
715 1124 764 1181 An
787 1139 841 1198 ego
862 1139 907 1181 ro-

22 1195 216 1274 linquebarn',
235 1197 264 1238 ⁶²
272 1211 320 1258 aut
341 1200 390 1258 tibi
408 1212 468 1258 tum
490 1200 644 1276 relinquere
665 1195 803 1257 videbar?
823 1213 855 1258 tu
874 1197 906 1258 id

23 1291 90 1334 non
106 1273 195 1334 modb
215 1293 274 1336 non
289 1275 474 1352 prohibebas,
501 1276 599 1334 verbm
628 1273 711 1334 etiam
724 1275 910 1350 approbabas.

23 1353 184 1428 graviore,
216 1369 281 1428 quae
303 1353 410 1412 restant.
448 1353 530 1414 Velim
551 1352 665 1424 σχόλιον
692 1350 800 1428 aliquod
823 1353 911 1410 amnas

24 1431 69 1486 ad
90 1449 155 1494 me:
186 1431 316 1508 oportuiffr
336 1441 362 1489 tc
389 1428 451 1504 istut
465 1434 563 1504 farere.
605 1429 708 1497 stane,
728 1429 776 1486 mi·
797 1428 910 1564 Attiqe,

881 1519 912 1564 e·
981 1553 985 1562 ,

14 1771 17 1776 -
66 1745 106 1788 61.
125 1739 176 1802 Qu*
191 1734 322 1786 diuinatio
332 1735 380 1784 saeue
393 1736 499 1798 relinquis
507 1742 623 1798 purim]
638 1733 726 1790 Nescio
737 1749 770 1788 an
780 1734 805 1786 in
817 1734 854 1785 his
866 1741 913 1788 At·
957 1747 969 1768 '-

31 1803 77 1852 tici
89 1797 166 1850 verbis
177 1799 292 1848 mendum
303 1798 400 1864 aliquod
411 1799 483 1850 inesse
495 1799 589 1854 dicam,
607 1797 654 1850 five
666 1803 743 1864 potius
754 1798 803 1864 ipsa
813 1799 912 1864 scrupuli

29 1860 211 1928 aliquantulum
229 1863 333 1916 babere,
358 1865 414 1926 qnia
430 1877 510 1912 totum
530 1867 611 1914 locum
627 1879 677 1914 nou
696 1863 796 1912 adducat
812 1865 913 1912 Ciceros

30 1928 110 2002 idque
129 1925 295 1975 obscuritatem
317 1925 378 1974 banc
400 1939 512 1989 procreet.
536 1941 593 1977 nrm
609 1927 672 1980 certe
693 1925 913 1984 nonnihil-lubest',

27 1989 104 2056 quod
125 2005 175 2038 uon
199 2004 281 2052 parum
299 1989 426 2038 molestum
441 1991 474 2038 etl
505 1993 530 2039 dc
555 1993 697 2040 sententiam
714 1988 851 2054 perturbat:
870 2003 915 2038 nec

31 2051 916 2168 {¹11missstritusiussitlussit}till:

30 2181 104 2238 fine,
118 2151 221 2244 'i’nteger
236 2131 379 2228 senlffrsnon
395 2150 554 2243 colligeretur.
588 2181 655 2237 Alii,
672 2131 814 2231 rgeudofom
835 2131 917 2230 lgcrcum

31 2242 132 2310 prorsus
143 2239 190 2296 esse
200 2255 323 2306 putantes,
339 2242 455 2306 corrigere
465 2244 547 2291 eonati
558 2239 617 2292 sunt.
651 2247 715 2292 Cum
731 2245 768 2291 bis
783 2243 853 2304 igitur
868 2254 914 2293 au·

5 2360 11 2372 ,
32 2307 121 2374 gusliis
133 2315 305 2368 premeremur,
321 2306 392 2354 metus
406 2304 479 2355 uisum
490 2305 523 2354 ell
535 2307 659 2368 ¹untiquam
676 2304 807 2353 tectionem
817 2302 916 2354 reddere

34 2375 64 2422 &
81 2369 219 2420 exscribere.
236 2383 323 2432 quare,
337 2383 381 2432 pro
397 2370 516 2430 relinques,
533 2371 629 2431 relinque
643 2367 762 2432 legimus,
779 2379 810 2414 ue
824 2365 918 2416 drotu-

34 2436 131 2485 tiorum
144 2429 254 2480 codicum
265 2429 312 2482 fide
322 2432 347 2480 in
360 2446 385 2482 re
395 2431 464 2480 dubia
476 2430 653 2481 discederemus.
684 2444 738 2478 cum
750 2430 816 2481 eninr
832 2429 917 2493 uulga-

34 2499 151 2550 raetiam
162 2495 234 2543 lesbio
245 2494 348 2558 turpetur
361 2494 388 2544 tit
400 2498 425 2544 δι
436 2496 523 2544 incerta
535 2526 543 2551 ,
558 2509 599 2543 cur
610 2509 659 2542 uon
676 2492 707 2540 ad
722 2493 819 2542 illorum
836 2495 915 2555 potius

34 2561 194 2612 autoritatem
204 2557 370 2622 confugiamus
381 2591 390 2615 ,
405 2557 478 2621 quim
488 2571 607 2606 recentem
618 2560 643 2606 δι
659 2569 713 2606 eam
726 2570 808 2620 parum
817 2555 916 2606 firmam

22 2623 170 2673 deeiionem
183 2625 306 2669 tueamur?
323 2619 361 2668 sed
374 2620 437 2668 uliud
447 2623 521 2670 eriam
532 2621 557 2668 in
573 2621 688 2684 proximis
705 2619 780 2668 verbis
791 2619 916 2668 ciceronis

35 2683 159 2738 diversum
169 2683 202 2732 est
212 2686 241 2732 ab
250 2679 366 2746 impressis
377 2686 401 2732 in
412 2684 496 2733 iisdem
507 2682 642 2740 codicibus,
656 2682 722 2746 quod
738 2697 821 2732 tamon
833 2681 917 2731 omisi-

36 2765 113 2805 mus,
131 2762 162 2795 ne
178 2759 282 2796 veterem
297 2761 346 2810 quo
365 2761 394 2798 ue
409 2747 539 2796 lectionem
550 2761 688 2812 cogeremur
696 2748 832 2810 corrigere:
848 2760 917 2804 uam,
1017 2793 1021 2802 ,

36 2811 82 2862 uisi
95 2825 152 2861 eam
164 2809 275 2871 adiuves,
292 2761 385 2872 prorsus
394 2809 516 2872 ineptaest
529 2811 554 2858 δι
571 2810 637 2860 salla.
662 2810 701 2857 ubi
717 2811 782 2858 enim
794 2809 917 2869 prohibebar

37 2876 84 2926 alii
97 2873 202 2930 babent,
220 2875 244 2921 in
255 2873 302 2922 illis
308 2875 395 2934 jubebas
406 2871 439 2920 est
452 2889 459 2919 ε
493 2870 541 2920 uod
551 2871 569 2920 si
581 2873 654 2922 velles
670 2871 786 2922 edurum
801 2871 918 2934 posterio-

35 2954 91 2989 rem
113 2939 268 3000 negationem
285 2936 388 2991 tollere,
404 2887 501 2985 fortasse
519 2950 570 2982 non
585 2935 649 2984 malo
665 2933 761 2984 faceres.
795 2933 834 2982 Esl
845 2935 915 2986 euim

37 3001 141 3066 quando
152 3001 232 3061 aliqua
241 3001 379 3063 quempiam
389 3012 458 3060 agere
476 2997 582 3056 jubemus
603 2998 791 3060 hortamurque,
806 3011 917 3059 quaeuon
941 3035 944 3042 i

35 3059 182 3130 probamus:
201 3059 239 3110 sed
250 3062 299 3118 illi,
315 3061 411 3126 periculi
423 3059 611 3110 &incommodi
623 3061 720 3120 alicujus
730 3059 820 3108 vitandi
837 3055 917 3117 cautss¹

35 3143 104 3178 urea
119 3125 205 3182 faciat,
221 3138 314 3178 autores
331 3123 416 3184 sumus.
442 3127 519 3173 Vilior.
552 3124 673 3172 Lectionis
693 3123 758 3172 istius
777 3126 829 3170 ocni
849 3127 918 3186 igr'm

37 3196 80 3260 qui
97 3189 257 3244 obatrato,
274 3192 327 3234 veni
336 3189 417 3236 auctor
428 3188 460 3236 eii
472 3188 602 3242 Victorius,
618 3188 651 3233 uti
662 3185 754 3234 constat
765 3200 795 3234 err
805 3186 855 3243 eius
865 3185 920 3238 mi·

34 3258 108 3304 tione
121 3249 270 3326 posteriore„
278 3265 352 3314 quam
363 3254 388 3300 δι
399 3252 424 3300 iu
433 3251 495 3300 libro
506 3264 584 3300 vetere
594 3243 700 3314 reperisse
711 3247 734 3298 se
743 3252 838 3298 monuit
845 3255 920 3300 Lem·

37 3315 111 3368 binos
122 3332 148 3366 m
159 3315 275 3376 margine.
307 3319 381 3363 Grau.
433 3329 439 3346 ·

72 3389 112 3428 62.
132 3383 188 3428 osce
197 3380 239 3424 rili
248 3391 295 3424 rum
310 3379 428 3444 relinquere
444 3377 560 3435 videbam]
589 3379 661 3428 Vetus
676 3374 755 3434 liber.
769 3371 922 3430 curtissolra

37 3445 172 3512 relinquere.
204 3436 282 3492 Urfin.
311 3495 314 3502 ι

25 3505 33 3520 ¹
807 3507 845 3555 65.
861 3505 921 3546 Nm
