2312 3832
65 121 103 156 '¹
336 86 542 171 Βιἰι
581 115 617 168 m
769 105 772 109 ’
833 99 915 180 amp

34 214 157 277 tendum
177 213 253 283 fuit,
278 227 316 272 ne
342 209 565 286 animipartium
595 205 732 279 Caesaris3
755 209 906 287 quomodo

36 295 213 365 etiamnunc
228 299 315 365 partes
327 287 513 363 appellantur,
531 285 713 348 vehementer
736 303 906 346 commove·

35 380 140 426 rentur.
180 365 234 424 Sed
247 363 312 424 aute
324 365 484 439 quamtum
498 363 598 422 litteras
627 363 784 436 accepimus
814 362 907 421 audita

36 460 81 502 res
108 453 167 502 erat
192 444 223 500 bt
236 441 393 516 pervulgata
409 459 416 496 :
434 438 573 500 tuietiam
596 436 724 498 tabellarii
745 439 779 498 ad
801 439 905 498 multoe

6 521 7 524 ’
32 519 184 578 mmiliarer
196 531 262 576 tuos
273 516 373 576 litteras
386 515 545 578 attulerant„
577 515 672 646 (dum
692 532 785 591 meque
804 514 908 590 suppri-

34 594 143 654 menda
155 611 197 652 res
213 604 286 662 erat,
305 591 453 666 praesertim
469 590 532 648 ebrn
547 590 575 648 id
609 590 648 647 eri
659 607 719 650 uon
733 587 837 667 posset,
857 607 908 649 ue·

34 658 100 746 que‘
121 669 140 728 fi
161 668 268 745 posset,
293 686 353 726 nou
371 666 567 742 divulgandrm
588 664 677 740 potius
704 666 789 801 {uim
810 665 906 726 occul·
965 698 975 719 ·
1054 639 1056 646 ‚

37 745 152 804 tendam
165 757 334 820 putaremus·
353 745 400 802 De
413 743 551 802 Cicerone
567 761 658 810 me0,
678 754 706 804 et
739 755 847 802 tantum
869 741 907 800 est

37 820 70 880 in
84 833 280 897 eo‚quantum
295 821 382 879 scribis
392 831 516 890 ,tantum
528 817 789 894 scilieet,quautum
805 817 907 887 debeo,

36 897 162 972 gaudeo:
185 896 265 966 defi,
285 895 363 974 qubd
376 913 451 954 amas
466 913 555 962 eum,
583 893 619 952 eb
641 896 747 968 majora
767 895 832 954 sacia
849 913 857 952 t
876 893 908 952 id
977 943 988 958 ,
1034 893 1039 902 ”

38 971 129 1047 ipsum
138 971 334 1034 incredibiliter
346 971 474 1048 gaudeo,
494 969 509 1028 a
524 982 552 1028 te
566 987 632 1028 eum
645 969 730 1045 diligi.

304 1209 659 1273 rrmrortvm

202 1358 443 1417 ClCERO
481 1355 695 1416 BRUTO
734 1355 761 1417 S.

41 1521 69 1567 Ι7
143 1513 205 1569 Um
227 1511 389 1570 litteraetuo
402 1509 519 1570 nomine
534 1509 654 1568 recitatae
668 1507 770 1568 fintid.
784 1508 907 1586 Apriltu

161 1589 253 1646 senatu
262 1617 278 1656 ,κ
291 1587 448 1662 eodemque
464 1599 593 1660 tempore
607 1585 749 1654 Antonii,
767 1585 853 1645 eredo
872 1585 908 1644 ad

34 1675 68 1721 te
83 1659 206 1738 scripsrffe
226 1675 311 1722 tuos:
332 1681 453 1740 quorum
476 1680 529 1738 ego
551 1661 657 1720 nemini
676 1661 812 1721 concedo.
855 1661 910 1720 Sed

35 1739 109 1798 nihil
123 1737 230 1797 necesse
245 1750 302 1797 emt
315 1739 412 1797 eadem
426 1755 541 1798 omnes:
560 1737 626 1796 illud
640 1737 747 1796 necesse
761 1755 808 1796 me
823 1737 860 1796 ad
879 1751 908 1796 te
945 1747 947 1752 '

37 1814 173 1884 scrihere,
189 1807 259 1890 'quid
273 1815 399 1874 sentirem
417 1814 451 1874 de
466 1827 524 1874 tora
539 1814 734 1874 constitutione
746 1813 907 1890 bttjusbelli,

36 1891 72 1948 dc
92 1907 150 1966 quo
168 1891 275 1967 judicio
290 1888 373 1948 essem
398 1891 508 1966 quique
521 1887 660 1952 sententii.
700 1889 910 1957 voluntasmea,

20 1965 148 2034 ,Brute‚
168 1967 203 2024 de
217 1967 322 2025 summa
344 1965 481 2042 republica
503 1965 611 2040 semper
634 1965 737 2024 eadem
765 1967 816 2024 fuit
842 1983 908 2041 quae

37 2053 110 2099 tua:
138 2045 208 2100 ratio
248 2042 389 2100 uibusdam
411 2044 440 2101 in
462 2043 541 2101 rebus
568 2043 737 2116 (nonenim
766 2043 909 2110 omnibus)

38 2117 134 2194 paullo
148 2059 257 2176 rotrude
273 2120 474 2176 vehementior.
516 2117 571 2175 Scis
587 2118 656 2175 milri
668 2117 775 2190 semper
782 2114 909 2193 placuisse

18 2201 102 2252 'non
117 2209 180 2272 rege
196 2193 302 2260 so‘lbm,
321 2194 468 2269 sedregno
487 2193 593 2253 liberari
613 2191 819 2268 rempublicam.
858 2193 909 2252 Tu

37 2268 144 2338 lenius,
164 2270 314 2328 immortali
327 2271 448 2328 omuino
462 2287 527 2330 cum
541 2281 588 2327 tua
601 2269 697 2327 laude:
718 2269 764 2326 sed
773 2268 908 2346 quidme-

36 2344 91 2403 lius
105 2345 187 2403 fuerit
199 2363 302 2419 magno
317 2347 414 2406 dolore
428 2345 572 2414 serimus,
591 2362 694 2418 magno
711 2343 833 2419 periculo
847 2345 909 2404 sert-

34 2423 134 2479 tlmtts.
162 2424 275 2479 Recenti
289 2421 337 2480 illo
351 2435 478 2494 ternpore
506 2433 535 2478 tu
551 2423 645 2480 omnia
659 2420 694 2478 ad
713 2437 828 2495 pacem,
842 2437 907 2497 quae

37 2497 169 2554 oratione
184 2495 285 2556 confici
298 2515 357 2556 non
372 2508 493 2572 poterat:
515 2513 568 2572 ego
583 2497 678 2555 omnia
692 2495 727 2554 ad
739 2497 914 2568 libertatem

37 2589 107 2650 quae
120 2571 177 2630 line
191 2590 258 2648 pace
272 2573 346 2651 trulla
359 2573 412 2632 est:
433 2589 532 2648 pacem
546 2573 630 2650 ipsam
644 2573 716 2632 bello
730 2585 813 2652 atque
827 2576 913 2710 arffiie'

842 2668 858 2708 e
888 2667 914 2718 er

75 2815 114 2859 ιγ.
131 2800 188 2863 Qu
197 2802 272 2848 littera
283 2812 319 2847 teo
328 2803 431 2856 nomina]
458 2805 497 2849 De
507 2799 590 2849 litteris
598 2799 668 2864 ipsus
679 2803 742 2852 Bruti
754 2803 779 2852 δι
791 2807 822 2852 c.
833 2807 913 2851 Anto.-

38 2861 77 2912 uii
92 2865 119 2912 ‘m
133 2861 259 2920 senatutd.
273 2868 327 2926 Ape.
343 2862 489 2926 &postridie
504 2863 606 2913 recitatis
619 2865 731 2920 nunciat,
758 2865 912 2916 elementiam

37 2925 91 2984 ejus
102 2927 129 2974 in
138 2928 167 2974 C.
179 2925 311 2977 Antonium
326 2929 446 2989 captivum
461 2925 568 2980 incusat,
585 2925 737 2985 quodetiam
753 2928 778 2974 in
794 2925 822 2974 iis
838 2926 911 2984 facit,

40 2999 95 3050 quae
107 3001 151 3051 pro
162 3001 226 3036 certo
241 2989 356 3038 Tullianae
372 2987 493 3037 habentur.
527 2985 598 3048 Quod
614 3001 693 3036 autem
712 2987 820 3052 scriptum
836 2989 869 3038 est
886 2992 911 3038 in

39 3062 174 3099 extremo:
190 3057 252 3097 Data
268 3063 329 3100 xm.
347 3053 391 3109 spel.
404 3053 461 3098 Mai:
483 3065 537 3098 eum
552 3064 677 3098 numerum
692 3049 844 3115 depravatum
864 3053 911 3102 esse

39 3113 142 3175 opinorr
160 3125 242 3162 movet
253 3126 331 3160 autern
343 3128 383 3162 me
391 3111 488 3176 sequeus
498 3113 607 3176 proxima·
618 3111 730 3176 epistola,
745 3129 869 3176 quartur.
881 3115 907 3166 k.

37 3175 107 3230 Maii
119 3173 235 3226 estdata.
269 3181 356 3224 vereor
374 3189 472 3233 autem,
492 3187 518 3224 ut
531 3175 697 3238 corrigendum
708 3174 756 3231 fit,
773 3191 825 3226 xvr.
841 3177 908 3228 sacili

37 3235 107 3300 lapsu
118 3250 270 3287 numerorum
279 3254 309 3290 ex
326 3253 377 3288 xvr.
394 3239 420 3286 iu
434 3253 498 3288 xrrr.
515 3236 681 3286 videturen'rm
696 3237 838 3295 verisimile,
852 3253 907 3288 cum

40 3297 368 3350 xv111.kar.mar.aeum
388 3299 416 3352 fit
437 3301 467 3350 de
484 3302 585 3357 litteris,
606 3291 748 3350 Ciceronem
767 3301 838 3350 biduo
854 3301 907 3364 posi
970 3326 971 3330 =
995 3287 998 3296 ’

39 3375 93 3410 rem
105 3373 199 3410 tantam
214 3361 244 3412 ad
260 3367 356 3410 brutum
371 3361 496 3429 scripsisse,
518 3379 569 3414 nou
585 3375 664 3415 autem
681 3365 706 3414 in
726 3366 835 3430 quintum
845 3363 907 3432 ¹post
957 3427 959 3432 Δ

40 3424 107 3476 diem
116 3421 225 3476 tetulisse.
259 3429 367 3489 Sigonius.

202 3519 207 3525 ·
802 3497 839 3542 u.
856 3490 910 3538 Sere,

1030 3537 1034 3544 ι
1076 3535 1138 3543 Α.
