2312 3832
240 44 324 127 2156
382 42 583 112 Error.
625 39 998 112 nnBrturom
1066 19 1069 30 ’

239 156 347 214 animus
361 153 394 214 ab
409 155 507 225 initio,
526 172 586 214 non
605 153 671 213 fides
688 152 724 210 ad
739 164 896 212 extremum
920 152 1022 214 defuit
1052 155 1113 215 uer

91 230 203 282 talliae·
241 229 300 292 lum
316 231 351 290 ad
365 232 505 291 Mutinam
521 229 534 273 f
536 230 697 308 gerebatur,
715 229 783 289 nihil
798 230 872 288 utin
895 227 1012 288 Caesare
1027 249 1111 308 repre-

88 297 212 362 ¹⁰¹⁸th
242 307 392 376 henderes;
412 307 546 367 nonnulla
559 308 587 366 in
596 307 700 365 Hirtio.
719 305 799 382 hujus
814 305 876 364 belli
890 306 1029 376 fortuna,
1048 311 1114 370 utin

89 353 167 464 Ψ
240 383 381 454 secundis,
401 383 489 443 fluxa:
509 383 581 443 utin
596 381 731 452 adverfis,
750 383 833 442 bona.
872 393 931 439 erat
951 383 1056 442 vienix
1068 403 1118 444 res·

118 469 124 476 ’
184 513 189 526 ,
238 459 363 595 bublica,
383 459 458 521 caesrs
472 460 591 518 Antonii
605 460 709 535 copiis,
727 457 786 534 ipso
809 456 922 532 expulso
945 459 1004 518 4οὲ
1027 460 1118 520 Bruto.

271 537 352 598 einde
374 537 411 596 ita
432 537 517 596 multa
540 547 653 612 peecata
670 578 680 605 ,
700 547 730 594 ut
751 532 972 612 quodammodo
1005 537 1118 597 vieioria

240 613 380 672 excideret
395 612 411 673 ὲ
425 613 567 681 manibus,
586 613 760 688 perterritos,
778 612 916 679 inermes,
936 610 1048 671 saucios
1063 632 1119 673 non

238 687 300 757 sunt
313 689 397 748 nostri
417 689 499 752 duces
519 688 674 764 persecuti:
700 688 854 764 datumque
879 686 996 762 Lepido
1011 701 1118 764 tempus

90 787 109 838 g
124 771 214 836 semper
237 765 292 834 est,
311 767 340 824 in
355 783 412 841 quo
426 765 571 824 levitatem
586 765 643 842 ejus
663 763 756 840 esaepe
770 763 940 840 perspedlam
969 766 1119 841 majoribus

91 838 142 886 *Νὴ
152 899 167 912 ,,
238 842 267 901 in
282 842 358 900 malis
371 841 588 917 herpenremur.
626 841 695 900 Sunt
710 842 844 902 exercitus
858 840 946 908 boni,
968 839 1019 898 sed
1032 842 1118 912 rudes,

90 896 219 1010 hm?
240 917 316 975 Bruti
342 919 372 976 &
393 918 495 977 Planci.
533 917 602 977 Sunt
623 917 773 976 fidelillima
806 919 837 976 &
868 916 998 974 maxima
1024 919 1118 978 auxilia

90 973 141 1026 Ρω-
207 993 214 1009 ’
240 991 393 1056 Gallorum.
431 993 478 1056 sed
493 993 629 1054 Caelarem
644 996 713 1054 meis
726 991 843 1055 consiliis
864 991 956 1051 adhuc
984 994 1117 1068 guberna·

239 1079 300 1129 tum
316 1113 325 1141 ,
346 1070 473 1145 praeclara
488 1069 575 1145 ipsum
601 1070 695 1132 indole
722 1067 931 1145 admirabilique
945 1070 1116 1140 constantia,

174 1193 189 1208 ..
240 1147 442 1222 improbiffimis
473 1146 567 1206 litteris
595 1147 709 1222 quidam
743 1143 938 1221 fallacibusque
960 1146 1117 1222 interpreti·

90 1197 203 1306 {AEW
238 1222 286 1282 bus
306 1228 338 1281 a‘c
359 1221 477 1282 muntiis
505 1222 674 1298 impulerunt
701 1224 732 1290 in
753 1223 830 1299 spem
852 1221 1036 1280 certiffimam
1053 1241 1118 1282 con·

89 1293 218 1370 primur„
237 1297 343 1358 solatiis.
383 1297 663 1375 Quodlfimulatque
678 1298 761 1370 senli3
782 1316 875 1374 neque
897 1315 953 1372 ego
977 1298 1061 1359 illum
1074 1300 1117 1358 ab·

89 1386 141 1434 atii.
238 1373 344 1435 sentem
364 1375 458 1437 litteris
479 1391 596 1434 monere
616 1375 727 1444 destiti,
753 1391 806 1436 nec
826 1371 952 1432 accusare
968 1375 1116 1449 praeseutes

113 1445 185 1524 ‘Pflssg
217 1465 223 1480 ·
238 1452 296 1528 ejus
310 1449 487 1522 neceffarios,
502 1452 550 1530 qui
563 1451 621 1526 ejus
635 1451 778 1527 cupiditati
788 1448 926 1526 suffragari
940 1451 1118 1512 videbantur:

89 1523 210 1561 ΨΜ·
238 1529 332 1587 necin
347 1528 441 1586 senatu
454 1528 717 1590 sceleratissimorum
741 1526 918 1587 confiliorum
941 1526 1041 1586 fontes
1056 1547 1118 1605 ape-

90 1603 167 1680 inor
176 1603 293 1675 labrire
315 1603 467 1663 ldubitavi:
488 1621 541 1663 nec
556 1603 624 1666 veto
638 1605 692 1663 ulla·
706 1607 733 1664 in
756 1623 785 1664 re
809 1603 951 1671 memini,
973 1616 1025 1663 aut
1045 1603 1119 1666 sem·

87 1669 141 1718 '¹¹'-
238 1692 299 1740 tum
315 1679 485 1748 meliorem,
513 1691 559 1738 aut
581 1681 758 1756 magistratus.
796 1681 963 1756 Numquam
988 1682 1070 1740 enim
1090 1685 1118 1742 in

142 1752 163 1823 “,
236 1757 346 1816 honore
362 1755 576 1814 extraordinario
592 1757 711 1832 potentis
733 1757 855 1815 hominis
873 1797 882 1825 ,
902 1756 948 1814 vel
963 1759 1120 1830 potentiffi·

234 1835 279 1919 mi
300 1831 390 1912 potius
411 1831 543 1912 (quando
557 1832 671 1910 quidem
685 1834 810 1910 potentia
820 1834 881 1910 jam
896 1833 926 1890 in
939 1833 969 1890 vi
984 1832 1120 1972 pofitaeg

234 2126 318 2180 'auimo
328 2129 431 2180 laturum
443 2127 521 2178 amiel.
537 2141 586 2192 quo
597 2125 622 2178 ln
633 2128 689 2178 loco
700 2128 758 2194 quin
776 2127 861 2177 caleni
876 2139 950 2192 genet
966 2126 1062 2186 Pansa,
1077 2125 1119 2194 qui

234 2191 317 2242 'consul
328 2206 392 2251 etat,
408 2191 594 2246 demonstretur,
611 2192 651 2241 virt
662 2191 793 2255 putaverim
809 2187 874 2255 polle
886 2189 1000 2240 dubitari.
1018 2197 1120 2241 Conve-

234 2253 270 2307 'nit
296 2255 360 2304 euim
387 2257 467 2320 geneti
498 2256 593 2320 querela
619 2270 673 2304 curn
704 2256 771 2314 huius
797 2253 901 2318 epistola
915 2251 1042 2311 -vetbis,
1079 2261 1117 2302 Vt·

234 2321 316 2380 hemena
326 2322 352 2374 (φ
363 2335 410 2368 acer
419 2319 495 2379 'Panfia
508 2352 515 2375 ,
535 2316 584 2366 crim
594 2321 618 2366 in
628 2332 701 2367 cetero
717 2321 781 2380 hujus
792 2319 875 2380 generis
887 2349 894 2374 ,
909 2328 958 2364 tum
979 2321 1081 2366 maxim
1093 2321 1116 2365 ia

232 2383 336 2448 starum.
370 2386 394 2432 P.
412 2386 508 2432 Manat.
700 2381 702 2386 ’

233 2491 237 2502 ,
266 2463 305 2505 40·
322 2449 386 2495 Bruti
395 2447 490 2504 deinde]
505 2447 534 2494 Et
545 2441 660 2493 sententia
663 2455 750 2556 1patet,
765 2446 790 2494 δι
802 2441 835 2492 lta
845 2439 956 2504 lcriptum
968 2441 1004 2492 est
1014 2442 1044 2506 in
1054 2442 1116 2492 auti·

234 2511 288 2574 quis
302 2507 373 2557 libris.
407 2509 481 2557 miror
492 2521 587 2564 tamen,
603 2507 662 2556 'euri
683 2521 722 2556 am
733 2507 828 2570 eulpam
837 2505 862 2552 in
874 2508 907 2554 D.
918 2509 1022 2554 Brutum
1034 2507 1117 2555 nomi-

235 2573 312 2622 natim
323 2572 409 2621 Cicero
420 2571 568 2626 contulerit,
584 2583 624 2619 cur
640 2584 691 2618 non
708 2572 787 2636 potius
802 2570 827 2617 in
839 2566 1024 2624 Ostaviaontn,
1042 2583 1114 2633 quent

233 2633 346 2697 ⁴itliruto,
362 2645 387 2681 ut
405 2632 501 2684 cesaris
520 2633 618 2690 lilium,
649 2647 698 2685 non
715 2633 790 2682 amari
811 2628 883 2694 probe
904 2642 1027 2680 noverat:
1052 2633 1116 2691 cuius

233 2709 297 2746 certe
313 2697 405 2760 gravius
420 2710 493 2760 quam
509 2701 540 2746 D.
557 2696 623 2746 unm
643 2709 766 2760 peceatum
789 2692 849 2744 illud
865 2691 930 2752 fuit,
947 2693 1017 2760 quod
1037 2703 1117 2744 Anto·

235 2761 317 2818 nium,
332 2773 368 2814 ex,
379 2755 508 2817 Mutineost
519 2758 607 2822 ptoelio
617 2756 765 2822 fugientem,
776 2755 909 2870 persecutus
926 2773 980 2805 non
994 2757 1038 2807 eil.
1073 2759 1116 2806 lra-

235 2822 305 2874 bebar
317 2819 650 2886 tuimetipiaaveteranorum
661 2822 765 2871 militum
797 2817 935 2868 rmillimas:
953 2832 978 2868 at
992 2825 1116 2871 uirtutes

231 2879 266 2938 ’δι
278 2890 380 2943 tirones,
392 2889 417 2936 δι
429 2886 538 2934 omilium
550 2899 625 2933 retum
636 2883 677 2932 ino
695 2884 734 2942 ia,
750 2899 793 2949 pto
811 2896 845 2932 ter
859 2879 997 2932 diuturnam
1012 2881 1118 2932 obfidio·

237 2965 296 3002 nem
309 2983 316 3006 ,
327 2937 556 3018 pellirn‘earleptos,
572 2945 638 3010 quod
648 2899 695 3011 ipss
706 2949 731 2996 in
742 2897 848 3009 quagam
859 2943 973 3008 epistola,
990 2945 1060 2996 suam
1070 2960 1118 2996 tar·

239 3012 339 3063 diratem
350 3014 374 3062 in
386 3010 496 3062 Antonio
505 3007 668 3078 peritquendo
679 3007 802 3066 excusans,
817 3010 984 3070 conqueritur:
1001 3015 1116 3060 Praeterea

239 3072 288 3140 ipse
298 3077 382 3124 Cicero
393 3076 495 3140 proximi
507 3071 582 3123 verbis
594 3087 645 3122 non
655 3074 696 3120 uni
707 3077 780 3124 Bruto
790 3069 814 3121 id
824 3070 905 3121 tribuit
916 3105 924 3126 ,
941 3071 982 3121 sed
998 3073 1065 3122 inter
1075 3070 1119 3120 du·

239 3150 278 3186 ees
288 3140 463 3196 communicat,
479 3137 511 3187 ait
521 3137 606 3198 enim:
628 3140 774 3192 Perterrito,
790 3137 899 3192 inermes,
909 3135 997 3194 saucios
1013 3154 1056 3183 uon
1070 3135 1119 3194 suat

154 3192 158 3202 '
238 3197 306 3258 &nostri
325 3201 389 3246 duces
409 3203 519 3264 persecuti,
550 3196 710 3249 lstdendumi
728 3199 790 3254 itur,
812 3211 844 3248 an
860 3195 938 3260 gloll'a
953 3196 1026 3248 fuerit
1043 3197 1119 3248 diffio

238 3265 317 3318 Bruti,
334 3273 364 3308 an
379 3259 439 3310 illud
456 3274 556 3326 peccata,
578 3261 662 3326 scripta
676 3215 820 3311 ablrom'ure
838 3259 968 3324 imperito,
987 3259 1121 3325 qur,quou

236 3325 301 3373 Bruti
326 3323 500 3391 ooavianique
520 3339 650 3377 commune
666 3321 761 3386 fiterat,
787 3321 812 3374 id
827 3325 894 3376 utrius
908 3325 975 3376 Bruti
992 3328 1121 3392 proprium

236 3386 330 3454 pluerit.
364 3387 431 3439 idem.
941 3439 966 3458 Ι.

377 3459 382 3469 “
1028 3465 1071 3512 41.
1088 3449 1120 3500 tl-
