2300 3834
228 32 318 111 2092‘
400 24 513 95 Entsr.
535 41 587 94 nn
607 27 782 110 Qututunt
803 21 988 88 anrnrnt

80 149 202 210 edura.
227 134 301 224 jurii
319 135 383 198 eilla
411 139 561 216 spedacula
581 138 747 216 quaerebat,
775 155 841 214 quae
861 136 913 194 tibi
935 135 1033 196 acerba
1051 139 1112 200 effe
1145 203 1146 208 ,

229 214 323 274 video.
362 215 474 276 Amabo
489 228 536 286 te,
554 217 653 276 advola
669 235 678 275 t
697 213 860 274 consolabor
880 225 910 272 te
933 215 966 271 δε
993 231 1109 277 ornnem
1144 223 1146 232 ’

118 329 124 348 .
230 288 387 428 abstergebo
401 292 547 362 dolorem,
567 293 597 352 δι
615 291 732 378 adduc,
752 289 834 350 fitne
849 305 956 361 amas,
975 291 1111 361 Marium,

231 363 279 428 sed
295 385 310 426 a
329 381 484 446 properate.
522 370 629 429 Hortus
643 368 724 428 donn
737 366 785 426 est.

499 525 684 584 ntrsro
699 524 721 570 1.
736 523 760 571 a
791 479 840 570 rr

397 661 599 724 truncus
625 664 664 739 Q.
690 657 875 721 annunt
903 657 935 718 S.

180 778 187 813 f
229 815 477 924 EPrsnorau
504 817 577 876 hanc
603 809 736 874 convicio
771 813 962 901 efflagitarunt
993 817 1110 880 codicilli

288 894 338 950 tui.
377 911 443 953 narn
466 911 508 953 res
524 891 639 970 quidem
659 889 713 966 ipsa
734 892 806 950 &is
826 891 910 960 dtes,
945 909 1013 969 quo
1036 909 1068 954 tu
1087 915 1111 956 ut

229 968 394 1043 profedus,
421 970 489 1028 niltil
516 969 585 1028 mihi
607 965 643 1026 ad
670 965 840 1026 scribendum
862 972 1034 1042 argumenti
1053 973 1110 1032 sane

229 1043 318 1104 dabat.
357 1046 411 1106 Sed
426 1043 791 1122 quemadmodum,corim
805 1043 870 1103 cum
885 1045 1005 1116 sumna,
1027 1049 1114 1110 sermo

230 1121 310 1180 nobis
324 1119 412 1180 deesse
428 1141 486 1181 non
500 1121 590 1190 solet,
618 1119 654 1179 fic
674 1120 794 1195 epistolae
815 1120 917 1180 nostrae
940 1121 1056 1184 debent
1074 1129 1112 1186 in·
1144 1157 1146 1186 ε

79 1197 340 1260 fenicinariterdum
361 1197 534 1258 fhalucinari.
574 1197 769 1258 Tenediorum
790 1197 872 1272 igitur
893 1197 1014 1258 libertas
1042 1199 1112 1260 4⁸se·

79 1272 131 1322 *lii-
162 1272 166 1276 “
231 1275 290 1332 curi
304 1273 433 1334 Tenedia
448 1273 557 1350 praecisa
571 1273 616 1333 est.
657 1273 722 1353 cum
737 1286 967 1349 eospraeter-me
985 1319 1007 1344 „
1028 1279 1112 1338 &Bi-

229 1349 343 1421 bulum,
364 1353 393 1410 δι
407 1351 569 1418 Calidium,
595 1351 625 1410 δι
639 1351 796 1408 Fauonium
817 1367 905 1408 nemo
935 1351 1111 1414 defenderet.

229 1427 313 1485 49De
327 1438 355 1488 te
370 1429 456 1505 magis
471 1427 504 1486 ab
526 1427 621 1503 Sipylo
642 1427 750 1484 mentio
772 1425 809 1484 est
829 1426 995 1486 honorifica
1020 1431 1110 1500 iada,

203 1517 205 1522 ·
229 1503 294 1562 ciam
308 1516 337 1563 te
352 1521 441 1562 unum
457 1503 579 1562 dicerent
599 1501 774 1580 postulationi
794 1501 829 1559 L.
844 1503 932 1562 Sextii
956 1505 1061 1566 Pansae
1073 1526 1109 1566 rc·
1144 1513 1146 1528 '

228 1577 328 1639 stitisse.
368 1581 491 1657 Reliquis
510 1579 627 1648 diebus,
654 1578 675 1637 st
702 1577 776 1659 quid¹
793 1579 868 1648 erit,
889 1579 972 1654 quo'd
996 1595 1029 1641 te
1052 1585 1108 1643 scire

230 1673 301 1730 opus
316 1656 369 1726 stt,
385 1671 432 1715 aut
446 1657 529 1718 etiam
543 1653 723 1723 nutrirent,
743 1666 839 1712 tamen
850 1652 972 1715 scribam
982 1661 1108 1734 quotidie

111 1745 138 1797 r.
157 1748 185 1796 n.
231 1733 342 1808 aliquid.
380 1733 450 1794 Prid.
471 1733 506 1791 id.
526 1749 618 1807 neque
632 1731 698 1798 tibi,
718 1748 811 1805 neque
822 1731 993 1807 Pomponio
1019 1735 1109 1796 deero.

80 1803 166 1892 ’μω
175 1830 209 1881 tt,
233 1817 261 1862 50
272 1809 399 1870 Lucretii
410 1816 542 1886 po'e'mata
562 1808 605 1886 (ut
619 1806 718 1882 scribis)
727 1807 795 1866 tlita
808 1805 868 1868 sunt
885 1809 984 1868 multis
999 1809 1112 1872 lumini·
1145 1835 1146 1840 ¹

81 1891 135 1943 atri.
632 1949 634 1951 ,
1068 1890 1112 1949 bus

259 2050 298 2101 48.
313 2043 388 2090 Secari
398 2043 510 2102 Tenedia]
524 2039 576 2091 Idu
586 2038 720 2090 vehementi
728 2057 736 2097 3
745 2053 807 2102 ¹curn
817 2035 937 2088 universus
948 2037 1004 2090 fere
1019 2041 1110 2092 senatus

229 2118 313 2156 eontra
333 2105 494 2155 Tenediorum
517 2103 650 2154 libertatem
666 2101 814 2152 consentiret.
847 2104 892 2159 ἃ,
907 2103 984 2164 secari
1001 2109 1110 2163 Tenedia,

183 2221 185 2226 ,
228 2182 284 2216 cum
294 2167 368 2226 dixit,
384 2167 449 2231 quast
461 2167 566 2232 quodam
576 2166 631 2224 ioco
641 2165 717 2215 allusit
726 2167 758 2214 ¹ati
770 2178 875 2214 veterem
893 2165 966 2215 illam
977 2165 1033 2216 five
1043 2169 1109 2220 fabo·

228 2229 293 2285 lam,
309 2230 356 2280 five
367 2231 487 2281 historiam
500 2232 529 2279 de
539 2237 623 2279 'senne
633 2245 699 2301 tege,
715 2228 790 2292 ὲφιο
801 2227 876 2277 insula
889 2245 987 2279 nomen
1000 2234 1107 2296 accepiet

229 2295 271 2356 qui
281 2293 345 2359 leges
356 2292 444 2351 sanxit,
461 2293 543 2358 fiquia
559 2291 691 2342 adulterum
708 2289 895 2356 deprehendiilet
910 2326 918 2349 ,
933 2306 961 2342 ut
972 2307 1037 2344 euro
1048 2297 1109 2344 tem·

228 2359 248 2406 ri
258 2357 413 2411 interficeret:
428 2357 500 2422 idque
510 2357 608 2406 servarit
619 2357 653 2406 ita
664 2356 803 2420 diligenter,
820 2367 845 2403 ut
858 2355 932 2406 etiarn
945 2355 978 2405 de
994 2358 1053 2408 filio
1069 2359 1108 2408 loo

228 2419 373 2484 deprehenso
383 2419 540 2486 interrogatus
551 2423 565 2477 ,'
579 2415 636 2480 quid
653 2417 705 2468 fieri
722 2419 860 2482 oporteret,
877 2417 1030 2482 respondiss'e
1047 2421 1111 2472 dica·

227 2495 280 2540 tum
297 2484 321 2531 id
333 2484 413 2541 fieret,
430 2486 495 2548 quod
510 2485 549 2532 lex
568 2481 663 2541 iuberet.
694 2482 750 2531 inde
763 2481 831 2530 datus
845 2481 912 2531 locus
927 2484 1068 2544 proverbio
1082 2487 1111 2535 de

228 2546 336 2617 Tenedia
350 2545 437 2604 securi,
453 2548 480 2596 in
497 2548 525 2597 iis
539 2545 607 2595 rebus
623 2578 632 2603 ,
655 2559 707 2610 qua
722 2543 886 2610 preciduntur.
915 2547 1068 2598 Heraclides
1089 2549 1110 2600 it

226 2629 261 2672 ao
277 2610 467 2670 militantum.
499 2612 621 2660 urtam.
672 2651 680 2670 „
837 2651 840 2658 ,

257 2687 295 2728 4ο.
311 2677 346 2718 De
356 2683 377 2717 te
390 2676 458 2734 nugis
466 2673 492 2719 ab
504 2673 577 2736 Sipylo
588 2673 665 2719 mentia
677 2665 744 2732 &nl
765 2671 814 2722 Pal.
826 2687 859 2734 pt.
872 2669 933 2719 nihil
945 2673 1030 2722 variat
1042 2709 1051 2730 ,
1068 2670 1110 2724 nlfi

178 2736 182 2744 '
245 2733 292 2784 uod
302 2733 317 2781 ὰ
328 2734 450 2786 collocarit
463 2735 529 2800 supra
539 2737 549 2782 ι·
561 2736 625 2785 voris
635 2748 663 2786 te.
685 2747 743 2786 tert..
755 2733 812 2796 ueto
827 2731 936 2798 expreifit
953 2748 1000 2784 tea.
1031 2742 1057 2788 Ρ,
1072 2739 1112 2789 vi-

224 2747 312 2848 donus
323 2797 363 2846 lib.
371 2813 427 2849 xrs.
447 2797 577 2867 Vandali.
589 2813 639 2862 cap.
648 2813 667 2848 1.
684 2797 797 2848 emendat
809 2831 817 2855 ,
831 2799 857 2844 de
867 2810 887 2844 te
898 2797 914 2844 ai
925 2799 1076 2862 Magnetibus
1086 2801 1111 2848 al

225 2865 314 2928 St'pylm
331 2860 396 2926 quod
407 2861 473 2911 illico
484 2862 578 2924 arripuit
590 2859 726 2912 Lambinus.
758 2865 848 2910 Gruter.

258 2945 294 2984 5⁰·
313 2927 410 2974 Lucretii
417 2922 515 2987 poe'ma'ta
532 2927 567 2986 (ur
574 2922 662 2986 scribis)
679 2925 783 2986 lira‘sunt
798 2925 887 2979 multis,
904 2921 963 2981 dyo]
991 2931 1058 2978 Non
1071 2945 1112 2979 ve.

224 2991 262 3040 riti
275 2990 352 3038 liumus
365 2989 427 3044 hane
439 2989 494 3040 licet
508 2987 561 3038 satis
580 2987 698 3050 receptam
715 2986 842 3037 teutonem
858 2984 945 3036 delere.
980 2993 1013 3038 In
1036 3007 1111 3050 manu

224 3053 290 3101 enim
301 3049 464 3116 scriptis'libtis
476 3067 525 3106 non
536 3048 684 3108 invenimus,
699 3051 724 3098 dc
738 3050 806 3100 nullo
818 3047 893 3101 modo
904 3047 997 3102 rectam
1009 3051 1089 3128 ciffi*
1103 3095 1107 3107 ,

224 3115 339 3174 dicamus.
373 3119 438 3166 Nam
462 3130 513 3178 quac
528 3112 590 3163 infra
606 3111 681 3176 polita
697 3111 749 3162 sunt
764 3111 833 3164 uerba
849 3115 921 3160 multa
938 3126 1016 3163 tamen
1034 3135 1051 3162 a
1085 3133 1110 3166 s:

225 3175 318 3227 necesse
329 3189 353 3225 ut
365 3172 514 3234 antecedenti
525 3174 642 3226 sententia
653 3189 792 3240 repugnent.
826 3181 890 3226 Cum
901 3175 974 3242 igitur
990 3175 1075 3229 attein
1086 3197 1108 3230 m

224 3239 375 3296 illislaudet,
392 3237 518 3290 verisimile
530 3239 563 3290 est
575 3237 664 3304 aliquid
692 3237 910 3306 tiusimptoba'tum
920 3237 998 3292 fuilse.
1037 3241 1109 3308 Qud

225 3301 243 3354 fi
256 3305 293 3352 cui
305 3305 391 3352 mirum
402 3302 493 3353 videtur
506 3303 632 3364 iudicatum
644 3318 657 3355 e
677 3316 690 3350 e
701 3303 845 3367 quandoque
856 3303 993 3353 Lucretium
1006 3307 1109 3372 elegan-

224 3366 340 3419 aruinum
351 3367 377 3418 δι
388 3365 564 3419 ornatiflimutn
574 3367 690 3440 petitam,
706 3363 823 3441 nonsatis
834 3365 916 3438 multis
926 3365 1026 3438 ingenti
1037 3371 1110 3490 iggi-
