2274 3864
205 137 286 232 19i4
362 139 505 207 Linon
547 138 964 224 Qurnrnsnsscrmus

205 247 290 310 bendi
305 251 396 308 tcura.
438 254 465 300 52
475 245 583 305 Servius
597 243 666 304 verb
684 243 844 322 pacificator
857 263 922 304 cum
944 238 1093 303 librariolo

205 327 255 387 suo
269 325 378 386 videtur
393 334 419 379 53
429 319 523 382 obiiffe
537 325 726 398 legationem,
746 325 777 382 dc
790 339 891 392 omnes
899 319 1095 397 captiunculas

205 403 407 481 pertimescere.
447 401 577 460 debuerat
603 412 723 468 autem,
744 410 838 459 54non
860 417 897 458 ex
913 401 976 475 jure
1004 411 1097 456 mauu

206 480 381 543 consenum:
403 477 449 538 sed
463 493 529 554 quae
541 477 699 554 sequuntur.
719 477 771 536 Tu
784 493 900 554 quoque
915 474 1032 535 scribes,

458 659 721 707 Errsroua
753 661 833 708 vill.

349 755 592 866 010an
631 804 890 866 ATTICO
930 806 981 866 S..

215 962 340 1072 1)er
361 972 441 1019 tuum
464 957 605 1048 diiccffum
626 959 702 1048 binas
724 959 744 1048 b¹
762 959 847 1049 balbo
869 981 878 1028 ;
907 959 977 1020 nihii
1003 964 1126 1020 novit.

271 1049 396 1116 itemque
412 1039 447 1094 ab
460 1037 571 1106 Hrtt103
592 1055 640 1114 qut
657 1037 682 1096 sc
698 1037 786 1096 scribit
798 1038 985 1096 vehementer
1003 1037 1104 1098 offen·

212 1115 275 1174 sum
289 1113 343 1174 effe
358 1115 501 1174 ueteranis.
535 1113 670 1190 exspedat
685 1117 793 1174 animus
810 1157 819 1184 ,
839 1114 974 1192 quidnam
992 1127 1106 1251 vaga?

1090 1209 1106 1250 e

214 1349 292 1396 Vilior.
325 1353 359 1394 Ne
367 1345 425 1410 quod
434 1347 554 1403 caladon]
571 1347 668 1393 Calidius
678 1345 710 1394 est
721 1347 746 1394 in
768 1344 944 1409 manuscripto,
980 1347 1010 1394 δε
1030 1347 1103 1396 κᾶε.

214 1411 301 1468 eupuli
312 1411 387 1458 Graeci
398 1409 484 1456 eadem
495 1407 668 1472 fignificotione
677 1411 794 1472 usurpant.
811 1411 888 1468 vrfin.
912 1411 1018 1456 calidius
1029 1417 1105 1456 ineant

212 1475 345 1533 confilium]
360 1475 396 1520 Sic
408 1475 481 1523 aiant.
492 1471 610 1536 Epidico:
632 1477 771 1536 Reperiamus
789 1475 876 1536 aliquid
892 1473 962 1518 calidi
974 1477 1106 1521 conducibi-

214 1541 243 1583 lis
258 1537 347 1595 confilii.
366 1539 390 1583 &
405 1537 491 1584 Milite.
510 1539 561 1582 crdo
571 1537 666 1581 calidum
678 1537 787 1595 confilium
798 1540 847 1585 cito.
865 1541 962 1584 Terent.
969 1537 1107 1586 Eunucho:

214 1597 269 1648 Vide
283 1617 307 1650 ne
323 1602 419 1646 nimium
432 1601 529 1646 calidum
544 1601 581 1644 boc
590 1597 639 1656 fit:
666 1597 707 1646 ubi
722 1599 825 1646 calidum
838 1595 871 1648 eil
886 1599 989 1660 θίρμον,
1009 1601 1106 1656 audax,

215 1677 333 1728 praeceps,
350 1663 564 1726 extempormium,
580 1663 741 1712 temerarium.
772 1668 858 1722 Popma.

219 1763 222 1771 .
249 1743 286 1782 52.
304 1727 396 1772 Servius
412 1725 461 1773 veri
474 1725 598 1788 pacificatus
614 1743 663 1773 cum
677 1727 788 1772 librariolo
799 1725 838 1785 suo
848 1725 911 1782 m]
942 1727 1030 1774 Locus
1056 1742 1107 1776 non

216 1803 300 1853 parum
313 1787 456 1838 obscuritatis
467 1791 608 1838 continensz
623 1786 693 1836 valde
704 1803 782 1842 autem
795 1786 884 1838 diversa
900 1785 1065 1850 scriptumest
1081 1793 1106 1838 iu

219 1851 324 1914 antiquis
341 1850 480 1908 codicibus,
496 1865 598 1915 quotum
609 1866 674 1907 nos,
690 1853 799 1909 quamvis
817 1865 867 1900 nou
884 1865 1040 1915 magnopere
1058 1869 1107 1902 cer·

219 1927 271 1963 tarn
283 1915 411 1963 lectionem
427 1915 555 1964 maluimus
563 1914 651 1976 sequi,
669 1915 742 1978 qu‘am
759 1929 813 1962 eam
825 1929 876 1976 quae
887 1914 918 1962 est
930 1916 956 1961 in
966 1913 1071 1964 exeniis
1079 1917 1108 1964 ii·

219 1977 328 2026 brinnon
338 1980 417 2028 minus
427 1975 548 2028 obscutam
560 1981 586 2026 δι
601 1982 723 2028 incertam.
740 1992 780 2026 cur
790 1979 855 2028 enim
866 1993 915 2026 non
930 1981 1015 2040 potius
1025 1977 1108 2028 fidem

217 2040 347 2090 habeamus
364 2043 469 2092 veterum
485 2045 511 2092 δι
529 2045 718 2105 incorruptorum
734 2041 844 2090 codicum
860 2039 1004 2090 testimonio
1028 2043 1109 2107 qnam

218 2118 337 2154 novorum
351 2108 376 2155 dc
386 2105 490 2170 pluribus
500 2101 529 2152 de
541 2104 613 2152 caufis
625 2103 682 2168 saepe
694 2107 860 2154 mentientium
871 2105 879 2152 i
895 2117 954 2168 puto
965 2119 1056 2154 autem
1068 2105 1110 2156 fo-

217 2181 244 2218 re
254 2182 278 2215 ut
290 2169 305 2216 b
315 2167 384 2217 nobis
394 2168 497 2217 restituta
507 2166 579 2216 ledlio
592 2167 702 2218 fiuceriot
712 2165 759 2215 elle
769 2168 914 2231 quandoque
930 2168 1106 2231 cognoscatur.

218 2229 296 2296 Pollet
306 2232 391 2296 aliquis
402 2228 616 2294 forraffeduspicaei
627 2231 640 2279 l
653 2232 718 2281 Liber,
730 2229 772 2294 (fic
786 2233 850 2279 enim
866 2231 1020 2294 quandoque
1039 2247 1110 2282 rere·

217 2307 255 2344 tes
267 2295 363 2344 unitatis
375 2309 474 2343 numero
483 2293 560 2342 filium
571 2292 698 2358 appellaffe
711 2308 861 2358 compertum
871 2291 920 2354 cst)
938 2293 1110 2354 diosmis-urie

218 2359 342 2406 tiberinum
352 2358 484 2407 formatum
494 2356 553 2412 elie,
589 2356 776 2405 uemadmodum
787 2357 800 2405 b
811 2357 873 2406 filius
885 2355 992 2404 filiolus:
1010 2359 1108 2408 constat

220 2423 285 2470 enim
297 2423 402 2470 servium
414 2421 491 2470 filium
502 2420 572 2470 habui
592 2418 668 2468 esatis
680 2433 862 2476 contumacem,
877 2417 969 2482 dequo
983 2417 1073 2486 sapius
1082 2425 1108 2472 iu

217 2483 257 2541 iris
267 2485 371 2547 epistolis
381 2485 504 2533 meminit:
521 2497 546 2532 ut
557 2483 643 2532 ultima
653 2497 687 2534 rx.
698 2483 750 2532 iibri
761 2483 860 2548 epistola
877 2487 889 2530 ι’
901 2484 944 2530 Sed
962 2489 1010 2530 erit
1027 2490 1110 2534 imni-

217 2546 310 2608 eiffimus
321 2551 427 2604 Servius,
440 2551 481 2609 qui
490 2548 567 2608 filium
580 2547 638 2607 mifit
652 2549 682 2593 ad
696 2547 832 2610 affligendum
843 2555 878 2596 (b.
895 2550 1026 2609 Pompejum
1046 2584 1056 2607 ‚
1072 2563 1112 2598 m

220 2609 275 2657 certi
291 2611 415 2670 capiendum
432 2627 478 2656 cum
495 2613 570 2656 Pontio
588 2613 706 2657 Titiuiano.
725 2609 764 2658 sed
782 2613 807 2660 dc
819 2611 870 2660 aliis
881 2609 953 2658 etiam
970 2643 979 2666 ,
998 2627 1116 2674 quae‚ne

224 2671 347 2735 longiores
358 2669 430 2720 fimus
442 2672 508 2726 nulia
518 2673 635 2732 utilitate,
652 2673 799 2722 omittemus.
834 2689 923 2722 novum
940 2673 992 2722 boc
1008 2677 1072 2726 ian‘e
1088 2679 1114 2727 dt

222 2733 306 2808 durum
319 2737 344 2784 bc
356 2749 439 2808 parum
450 2738 553 2784 omnino
565 2737 625 2786 mihi
636 2736 778 2786 verisimile:
795 2738 847 2798 quis
858 2752 940 2786 tamen
951 2738 1038 2799 potest
1051 2756 1114 2790 eon·

222 2797 338 2854 firmate,
355 2814 380 2846 m
392 2801 467 2848 aliena
483 2802 563 2862 lingua
582 2803 607 2850 dc
624 2799 713 2856 iamdiu
732 2799 846 2848 exstincta
864 2802 910 2850 hoc
922 2815 976 2848 non
993 2815 1048 2858 ,ut
1068 2805 1115 2854 alia

222 2864 313 2917 multa,
330 2862 428 2912 fusniaci
440 2866 540 2926 potuilie
552 2868 560 2912 i
576 2868 632 2912 Haee
643 2863 714 2928 igitur
723 2863 771 2911 levi
784 2863 888 2926 quadam
899 2853 1047 2920 coniestura
1060 2881 1117 2916 mo·

220 2939 278 2983 tus,
296 2941 346 2974 non
359 2926 423 2988 quod
439 2929 472 2974 ita
484 2928 588 2975 omnino
599 2923 645 2974 elie
657 2925 790 2982 crederem,
808 2926 858 2974 dixi
871 2946 877 2975 ι
890 2941 948 2974 nam
959 2928 1053 2978 locum
1067 2931 1120 2980 vai·

225 2989 255 3040 de
266 2989 404 3053 ambiguum
417 2995 440 3039 bt
455 2993 570 3039 incertum
582 2987 628 3038 eise
638 2987 730 3047 fateor,
747 2993 772 3038 &
784 3003 866 3038 tamen
873 3005 927 3038 -non
944 3005 1120 3043 contemnen-

225 3053 281 3102 dam
294 3051 452 3102 effeveaemm
467 3054 602 3114 scripturam
619 3052 736 3102 arbitror:
757 3055 881 3101 certiorem
901 3053 968 3100 enim
988 3057 1017 3104 dc
1035 3061 1122 3106 verio-

225 3131 275 3228 rbem
287 3118 405 3225 rationyem
416 3133 444 3166 ea
455 3117 540 3165 habete
550 3115 626 3182 potest
645 3117 718 3181 quim
735 3115 872 3166 eruditiores
888 3114 990 3166 fortass'e
1006 3123 1123 3185 explica·

222 3195 224 3200 '
244 3192 294 3227 unt.
329 3185 365 3224 Vr'd
375 3198 405 3230 or.

260 3257 296 3296 53·
315 3244 392 3301 oiiiffe
406 3245 549 3304 legacionem]
565 3242 673 3298 ironico,
690 3241 815 3290 nonenim
828 3242 918 3290 Servius
930 3243 1062 3308 Sulpicius
1076 3260 1092 3296 e
1113 3268 1116 3283 =

227 3303 333 3365 legatus:
351 3304 389 3352 sed
401 3307 510 3368 priuatim
522 3309 566 3354 hos
576 3309 613 3354 vei
625 3308 681 3355 iilos
691 3305 860 3362 conveniebat,
878 3309 902 3354 bt
916 3307 946 3354 ad
957 3322 1057 3370 pacem
1069 3309 1108 3358 bo

229 3367 328 3414 cibatur.
352 3371 429 3416 inuito
447 3369 499 3432 post
515 3375 618 3434 Legatos
637 3369 668 3419 ad
685 3369 820 3418 Antonium
838 3369 930 3432 publice
951 3373 1047 3423 miffus
1067 3373 1118 3421 ob'

231 3429 314 3490 Philip.
324 3445 360 3478 rx.
377 3435 463 3492 Popma.
677 3490 680 3494 .

262 3508 298 3549 54·
317 3498 363 3538 aton
375 3498 458 3555 exjure
468 3503 554 3557 mann]
576 3501 635 3549 Non
647 3497 697 3558 jure
708 3497 733 3546 δι
745 3495 860 3560 legitimis
870 3496 1010 3548 actionibus
1030 3500 1079 3552 dis
1113 3528 1114 3531 =

213 3565 219 3578 '
287 3565 291 3580 ‘
1076 3577 1134 3612 tare
