2300 3834
180 113 672 186 Lruual'rtarua.
805 115 884 197 2063

6 220 319 298 etiam⁰aliosrsedhos
334 221 488 299 singulares.
508 225 602 297 Quare
616 237 749 308 magnum
763 219 807 280 fac
821 204 1017 328 ani-gum

6 317 89 368 mum
105 301 203 388 habea}
222 303 252 359 dc
265 299 341 378 spem
354 301 469 387 bonam.
487 298 534 359 De
555 299 662 435 saquis
675 310 770 386 tamen
784 297 881 367 relatu,
889 333 944 384 m·

7 392 74 454 quae
88 376 214 454 quotidie
226 389 373 454 gerantur,
392 376 536 436 faciamte
551 392 597 436 tre
615 393 647 434 ro
668 387 826 436 certiorem.

280 531 541 580 mausueta
573 531 626 580 111.

192 635 460 759 mancuso.
484 673 667 742 naarai
694 681 721 743 s.
749 699 760 742 t

8 835 97 948 ,Ml
116 835 222 906 frater,
242 837 283 896 mi
297 835 397 906 frater,
415 835 454 894 mi
469 835 568 904 frater,
586 846 654 894 tune
674 834 703 894 id
723 837 824 896 ueritus
839 853 886 906 es,
996 849 998 856 ·

95 930 132 971 ne
146 930 200 988 ego
213 910 352 972 iracundi?
365 909 455 989 aliqui
468 910 600 970 addusius
614 927 713 986 pueros
726 912 761 971 ad
778 926 806 972 te
828 913 885 972 line

9 987 108 1049 litteris
130 987 279 1048 miserim?
305 1000 353 1047 aut
375 991 459 1058 etiam
482 1005 518 1046 ne
538 999 567 1046 te
588 987 854 1047 videreavoluerim
870 987 909 1060 ἓν,
923 986 1008 1036 nolue-

9 1065 78 1140 Ego
93 1064 142 1123 tibi
154 1063 299 1123 irascerer?
320 1064 369 1124 tibi
385 1058 558 1140 egopolsem
573 1060 675 1120 irasci?
693 1061 810 1124 scilicet:
831 1065 937 1124 atu¹¹¹¹¹
946 1051 998 1099 ‘¹³¹³

10 1143 93 1200 enim
109 1157 156 1198 me
169 1139 302 1200 afflixisti:
322 1140 363 1199 tui
378 1157 425 1198 me
438 1139 562 1208 inimici,
580 1151 628 1196 tua
642 1155 688 1196 me
706 1139 807 1200 invidia
823 1183 832 1211 ,
851 1124 1001 1226 acssffffi‘·

12 1233 76 1278 non
91 1234 145 1292 ego
162 1227 191 1274 te
205 1215 302 1280 miser?
316 1214 430 1291 perdidi.
467 1215 551 1273 Meus
564 1213 608 1272 ille
627 1213 750 1274 laudatus
764 1216 887 1276 consula·

11 1305 56 1354 tus
73 1335 84 1362 ‚
110 1293 180 1358 mihi
193 1303 222 1352 te
238 1333 247 1361 ,
265 1289 389 1362 liberos,
415 1292 554 1368 patriam,
574 1290 720 1358 fortunas;
740 1291 788 1351 tibi
802 1293 888 1353 velim

10 1369 120 1446 nequid
140 1369 269 1444 eripuerit
306 1379 406 1444 praeter
433 1385 521 1428 unum
560 1383 616 1426 me.
654 1365 708 1425 Sed
729 1368 804 1426 certe
822 1367 839 1428 d
858 1380 888 1427 te

13 1445 87 1506 milri
102 1447 198 1504 omnia
219 1443 326 1522 semper
345 1442 459 1504 honesta
483 1446 514 1503 dc
538 1441 661 1520 Jucunda
689 1443 867 1503 recciderunt
874 1458 906 1514 μ
922 1440 1015 1492 aeide·
1109 1485 1112 1488 -

13 1520 31 1581 a
46 1539 96 1580 me
111 1521 161 1580 tibi
172 1521 260 1580 ludius
275 1537 348 1579 meae
370 1520 552 1590 calamitatis,
571 1530 662 1577 metus
682 1529 763 1588 tuae,
782 1518 948 1580 dende-‘¹¹¹¹‘
958 1504 1037 1568 ω·

13 1599 109 1667 rium,
130 1613 250 1666 maeror,
270 1595 397 1656 solitudo.
433 1596 533 1672 7¹Ego
554 1607 583 1654 te
603 1593 699 1653 videre
718 1595 886 1656 noluerim?

15 1671 117 1734 Immo
139 1673 207 1732 vero
229 1690 277 1732 me
297 1672 314 1732 a
334 1685 364 1732 te
382 1671 471 1731 videri
484 1672 571 1732 nolui.
608 1671 676 1728 Non
691 1673 766 1730 enim
781 1671 887 1733 vidisses

13 1751 132 1810 lintrem
144 1761 241 1808 tuum:
261 1765 418 1819 nuatum,
436 1765 522 1825 quem
537 1747 681 1824 reliqueras
697 1768 705 1806 r
724 1765 783 1810 non
803 1767 887 1821 eum,
967 1769 969 1780 ·

14 1843 106 1904 quem
122 1843 203 1885 notas
219 1843 227 1884 a
246 1842 306 1885 non
327 1843 394 1884 eum
410 1867 419 1894 ,
438 1843 523 1902 quem
545 1823 612 1882 ilens
633 1821 770 1894 flentem,
796 1827 889 1901 prose·

14 1914 156 1980 quentem
170 1898 343 1978 proficiscens
360 1900 495 1961 dimiseras
510 1921 526 1960 a.
543 1917 580 1959 ne
600 1899 745 1975 vestigium
773 1901 888 1977 quidem

15 1980 94 2054 ejus,
116 1989 187 2038 snec
201 1977 394 2041 simulachrum
403 1999 413 2046 ;
432 1976 478 2036 sed
498 1974 637 2054 quandam
653 1976 773 2052 effigiem
788 1977 803 2035 s
817 1979 907 2040 itan-a
921 1989 1037 2050 uiuam

14 2057 48 2114 tis
65 2057 181 2114 mortui.
219 2055 315 2128 Atque
329 2054 435 2116 utinam
451 2071 498 2112 me
512 2064 654 2138 mortuum
670 2053 743 2127 prius
762 1996 887 2127 uitiiset,

15 2143 64 2189 aut
78 2129 216 2190 audisses!
245 2129 363 2188 Utinam
383 2142 411 2189 te
434 2148 493 2188 non
513 2127 601 2188 foliam
623 2139 712 2198 vitae,
737 2128 783 2188 sed
803 2132 888 2192 etiam

14 2200 160 2284 diguitatis
173 2205 421 2282 meaesuperstitem
434 2201 598 2284 reliquissem
607 2206 614 2261 l
623 2203 678 2264 Sed
692 2205 775 2265 testor
788 2223 890 2342 oannes
927 2211 953 2263 r.
971 2212 1003 2269 ll

826 2302 892 2358 eoa,

47 2451 89 2496 70.
109 2436 252 2498 mulam]
272 2439 331 2486 Non
347 2432 424 2500 potest
438 2432 477 2483 hic
492 2429 539 2482 effe
553 2436 578 2484 P.
589 2432 703 2488 Lentulus
713 2433 835 2498 Spinther,
868 2436 892 2488 ui

15 2498 103 2548 consul
115 2496 162 2546 suit
173 2513 238 2548 anno
254 2499 365 2565 proximo
380 2495 432 2562 posi
448 2497 556 2546 Pisonem
566 2499 591 2546 ὃς
602 2495 731 2546 Gabinium
743 2495 807 2547 Cois.
822 2451 893 2550 disat

16 2576 104 2622 eutem
115 2559 238 2611 biennio?
256 2560 379 2612 consulatu
394 2571 497 2625 praetura.
516 2562 564 2608 cu.
582 2559 708 2610 Lentulum
724 2562 893 2615 Marcellinum

16 2623 89 2674 firin'e
99 2637 133 2672 ne
147 2623 243 2674 caedam
268 2623 353 2674 eadem
373 2624 466 2674 ratione
481 2621 592 2672 adducor.
624 2621 692 2686 gellia
706 2626 771 2674 euim
785 2623 896 2676 causaria-

15 2685 767 2800 qmggqmquqnqueqmqqqnggqqtguone
781 2691 806 2739 ⁸⁵
819 2689 895 2762 ΨΜ·

16 2766 101 2886 ξοὲὶοξ
116 2784 165 2868 esse
176 2765 421 2886 nmfflmlizlssquia
437 2811 456 2860 fi
472 2810 502 2859 de
518 2815 545 2859 1..
565 2812 686 2885 Lentulo,
700 2765 895 2872 »qumqqqqrqirltles'

16 2875 183 2939 mtellrgarur?
199 2829 468 2941 neiocqudemncer.
500 2885 614 2947 repugnat
624 2875 803 2948 entmhistoria.
836 2891 895 2928 narn

36 2938 62 2986 ui
76 2934 156 3002 potest
167 2935 214 2988 hoc
225 2953 304 2996 anno,
320 2937 344 2987 id
353 2935 387 2986 est
398 2949 441 2993 eo,
457 2935 627 3000 qqualnmus
639 2938 664 2985 δι
676 2937 726 2987 iaso
738 2937 845 2988 consules
853 2939 897 2989 de·

15 2952 109 3065 Egnati
121 2996 186 3056 sunt,
202 3013 286 3064 prator
296 3001 343 3066 ipse
354 2999 487 3066 defiguntur
500 2996 561 3056 effe,
576 3012 630 3049 eum
641 2999 688 3048 hoc
705 3014 770 3050 anno
786 2999 898 3051 consula·

15 3073 73 3120 tum
85 3075 142 3111 cum
153 3062 258 3112 Gabinio
275 3063 386 3128 perierit?
407 3062 432 3113 id
447 3059 514 3128 quod
528 3063 555 3109 in
568 3063 694 3111 Vatiniana
709 3065 898 3128 interrogatione

15 3127 112 3174 Cicero
128 3122 244 3188 fignificat
260 3125 296 3176 his
310 3124 405 3176 verbis:
425 3131 452 3177 L.
464 3126 598 3182 Lentulum,
613 3129 667 3172 hune
681 3127 774 3182 iudicem
783 3127 897 3188 nastrum,

10 3191 136 3250 flaminem
151 3191 299 3238 mutarem.-
329 3183 387 3252 quid
399 3203 446 3238 erae
464 3207 485 3238 ea
506 3199 595 3248 tempere
609 3189 700 3236 Gabinii
709 3217 710 3220 =
719 3194 754 3238 rai
768 3195 899 3254 comuniter.

16 3248 100 3300 Fuisse
116 3250 124 3298 i
142 3249 187 3300 itur
202 3249 340 3302 crediderim
356 3255 384 3303 1..
401 3253 532 3304 Lentulum
546 3246 612 3301 Otus.
631 3253 673 3317 qui
685 3265 740 3302 cum
750 3256 781 3305 c.
793 3254 899 3306 Claudio

17 3265 147 3368 Menaeis?
157 3315 248 3379 aliquot
257 3313 310 3380 post
321 3315 390 3364 annis
400 3313 548 3366 consulatum
560 3311 635 3376 gellia.
668 3320 694 3366 Ρ.
702 3320 791 3368 Manae.

17 3381 263 3506 &gap-gamm
276 3379 416 3496 :affidare
428 3381 553 3436 noluerim]
571 3379 679 3430 latueram
694 3379 727 3434 eti
741 3381 768 3432 in
781 3393 860 3432 vetere
871 3381 902 3432 li·

71 3473 81 3504 a
232 3461 240 3496 l
264 3475 272 3502 ι
373 3467 375 3470 “

793 3519 832 3564 aa.
848 3507 908 3566 Sat
