2300 3834
175 119 686 199 'Lra'rrrrl'nrrru·s.
816 115 913 213 2051*-

24 237 167 303 virtutibur
180 241 224 301 est·
236 241 350 313 datum,
370 242 525 304 celebritate
546 243 768 312 refertillimum,
787 242 897 318 magni-

20 319 120 376 tudine
134 319 327 394 ampliffimum
343 359 352 388 ,
368 321 476 398 judicio
489 321 718 388 eruditisfimurn,
737 316 833 377 narum
847 335 897 375 au·

21 405 84 452 tem
106 395 145 453 ita
164 396 317 465 resonans,
336 407 369 454 ut
389 414 476 474 usque
497 399 622 458 Romam
646 393 895 472 arngnificationes
933 407 958 455 ι’.
979 406 1007 461 Β.

21 485 164 548 vocesque
177 472 342 530 referantur:
364 473 521 544 contende,
541 472 635 550 quaeso
652 514 661 543 ,
681 485 764 548 atque
778 471 914 529 *clauo-e
928 466 1012 522 laban

20 561 69 616 ra,
89 564 150 605 non
164 547 298 608 modo-ut
312 548 353 606 lris
366 549 445 608 rebus
466 550 563 626 dignus
579 546 680 619 fuisse,
700 547 844 607 sedetiam
864 557 896 605 ut
903 533 959 583 ω·

20 620 67 680 illa
81 624 179 683 omnia
193 625 246 683 tuis
259 623 359 683 artibus
372 623 503 702 superasse
517 626 637 686 videare.

59 697 126 757 XV.
145 700 198 759 Er
217 719 400 771 quonian
422 703 492 762 mibi
511 702 584 762 casus
604 701 735 760 urbanam
757 701 785 758 in
807 698 895 775 magi·
922 703 960 766 34

18 772 144 833 stratibus
157 776 419 836 administrationem
434 778 607 853 reipublicae,
625 778 673 836 tibi
692 775 893 852 provincialem

19 849 100 908 dedit
107 866 116 919 ;
138 849 222 912 aletsr
236 869 299 912 mea
314 869 373 929 para
387 854 493 913 nemini
507 854 598 924 cedit,
617 855 678 922 fac,
698 863 730 910 ut
750 865 798 911 tua
819 863 897 912 cete·

17 939 66 984 ros
80 928 182 989 vincat.
222 928 309 988 Simul
324 931 354 988 δι
369 929 436 990 illud
450 931 542 1006 cogita
563 972 572 999 ,
591 941 644 990 no's
657 945 717 988 non
732 928 768 987 de
789 929 895 1005 reliqua

19 1001 169 1077 &sperata
189 1005 275 1081 gloria
290 1006 350 1082 jam
369 1006 517 1076 laborare,
535 1005 582 1065 sed
601 1006 636 1066 de
657 1016 732 1080 parta
754 1003 895 1064 dimicare.

19 1095 90 1154 quae
112 1079 227 1157 quidem
258 1097 318 1140 non
339 1093 397 1141 tam
417 1080 610 1159 aaexpetenda
631 1081 710 1140 nobis
728 1080 781 1139 fuit
806 1079 893 1158 quim

17 1155 186 1217 tuendaest.
225 1157 270 1216 Ac
291 1156 312 1216 ri
333 1159 403 1216 mihi
422 1158 575 1237 quidquam
590 1155 656 1217 ellet
676 1155 722 1214 abs
735 1167 763 1215 te
777 1153 1042 1236 ‘separa-fluentum

19 1241 86 1289 tum
97 1233 180 1300 ,nihil
194 1233 310 1309 amplius
323 1233 503 1294 deiiderarem
517 1235 573 1295 hoc
586 1234 673 1301 statu,
691 1233 741 1310 qui
755 1233 823 1292 rnihi
833 1225 956 1309 jonaio
972 1227 999 1277 ὁ*

19 1320 116 1382 partus
140 1309 194 1373 est.
233 1325 309 1369 nunc
335 1309 403 1370 verb
432 1328 474 1370 res
497 1309 533 1370 src
553 1310 608 1370 sese
634 1309 742 1376 babet,
761 1320 818 1378 ut,
843 1286 1026 1368 nifiM⁸·’''⁴¹²·

18 1385 123 1443 omnia
142 1397 190 1445 tua
211 1385 282 1447 itera
316 1398 400 1462 atque
433 1387 506 1447 dida
518 1387 621 1446 nostris
642 1385 721 1444 rebus
735 1384 833 1444 aillinc
853 1395 917 1446 rou
931 1379 1011 1456 istim·

17 1459 195 1535 spondeant,
214 1479 269 1538 ego
283 1479 331 1522 me
344 1465 414 1523 meis
437 1465 519 1523 tantis
537 1463 674 1522 laboribus
698 1462 835 1538 tantisque
850 1448 990 1536 pum·

20 1536 132 1607 riculis,
151 1555 272 1615 quorum
285 1549 317 1598 tu
331 1540 461 1600 omniurn
477 1540 579 1617 partice
599 1557 610 1598 s
630 1536 702 1598 suilli
718 1579 727 1607 ,
746 1536 814 1596 nihil
827 1551 898 1597 con·

15 1611 150 1672 secutum
164 1627 270 1690 putem.
308 1613 397 1691 Quod
410 1615 430 1676 sr
444 1626 475 1675 ut
489 1617 572 1692 ampl'
606 1631 684 1674 mum
706 1629 813 1674 nomen
829 1629 899 1673 con·

19 1689 219 1766 sequeremur,
238 1709 308 1752 unua
321 1703 421 1767 praeter
434 1701 541 1753 ceteros
553 1691 694 1768 adjuvisti:
714 1685 789 1749 certe
802 1690 896 1759 idem,

18 1777 51 1823 ut
65 1763 98 1825 id
112 1768 277 1828 retineamus
292 1810 301 1840 ,
320 1780 420 1844 praeter
439 1781 546 1828 ceteros
557 1765 736 1827 helaboubis.
775 1766 844 1826 Non
858 1766 1020 1826 esth-Manat.

18 1842 71 1900 tibi
86 1843 129 1901 his
141 1841 202 1903 solis
217 1843 353 1904 utendum
376 1844 618 1906 existimationibus
643 1860 676 1903 ac
693 1842 827 1920 juditiis,
847 1839 929 1919 qui&
951 1839 995 1885 ⁶¹¹³
1006 1838 1043 1886 1²·
1096 1885 1102 1898 „

20 1933 101 1978 nunc
113 1919 200 1988 sunt,
219 1921 392 1991 bominum
413 1920 459 1982 sed
477 1923 509 1981 iis
530 1922 613 1980 etiam
629 1961 639 1992 ,
658 1921 707 1998 qui
728 1920 812 1979 futuri
825 1899 1002 1979 fintab⁰¹⁸b³⁵·

21 2011 198 2071 quamquam
212 1997 322 2057 illorum
336 1999 387 2058 erit
400 1997 636 2073 veriuajudicium
652 2037 661 2064 ‚
696 1994 902 2056 obtreurrione

20 2073 52 2130 δι
66 2066 272 2133 imanvolentia
285 2074 438 2134 liberatum.
477 2073 610 2152 Denique
629 2070 696 2132 illud
711 2073 794 2132 etiam
815 2071 898 2132 debes
922 2075 969 2149 35„

21 2149 175 2218 coartare,
200 2168 260 2209 non
279 2161 308 2210 te
329 2150 377 2210 ribi
397 2150 447 2210 soli
466 2150 583 2227 gloriam
605 2165 752 2227 quaerere:
779 2148 857 2225 quod
876 2134 909 2208 sr¹
924 2136 966 2182 ‘¹²¹

20 2195 108 2294 eiissu
130 2236 297 2286 tamennon
312 2227 486 2304 negligeres,
514 2225 664 2302 praesertim
686 2225 751 2311 crim
772 2195 1016 2301 ampliffi·¹¹¹²¹‘'⁰¹¹

20 2303 76 2362 mis
92 2303 284 2363 monumentis
299 2303 457 2363 consecrare
470 2299 597 2362 uoluisses
617 2317 786 2361 memorum
805 2302 902 2388 nomi-

856 2395 900 2438 nrt

20 2453 135 2504 &ionem
145 2456 260 2502 Theatrum
270 2454 302 2504 ali
320 2454 355 2504 uis
364 2469 408 2520 pro
417 2451 493 2521 gloll'a
506 2447 658 2519 adscrlpfiss'et
668 2451 744 2512 odfin,
757 2463 833 2518 eaque
840 2467 902 2504 mox

21 2518 48 2566 in
59 2519 188 2566 Ciceronis
198 2517 291 2567 verbae
310 2532 324 2567 e
340 2533 392 2569 rece
408 2530 452 2576 ta,
474 2529 500 2568 ut
517 2519 550 2567 ita
567 2518 702 2584 legeretur,
722 2519 838 2564 Theatrum
857 2521 904 2565 ruis

23 2581 89 2643 ,Assa
103 2579 368 2640 virtutibusestdarum,
409 2581 474 2632 &um
484 2577 545 2638 effe,
560 2585 677 2630 Theatrum
688 2583 754 2628 torius
771 2579 907 2642 ,Adama-

20 2656 150 2712 gnamque
161 2642 216 2692 inde
223 2643 422 2708 perturbationem
428 2642 636 2696 elleconsecutam.
652 2645 773 2695 animur.

54 2721 97 2767 4⁷·
116 2706 286 2768 significationes
299 2723 400 2771 vocesque
416 2707 556 2768 restantem]
586 2711 637 2757 Hae
654 2708 713 2759 inl.
733 2721 748 2755 e
764 2703 798 2756 ll.
810 2705 841 2756 ad
853 2710 905 2758 Att-

21 2769 197 2822 beataemariae
209 2783 287 2820 vocat.
321 2774 351 2818 Et
362 2769 447 2820 alludit
463 2768 493 2830 ad
509 2769 705 2821 consuetudinem
715 2769 740 2817 lu
757 2782 826 2820 orum
836 2769 907 2818 alrea-

19 2829 464 2946 {retundendifriti‘
475 2831 745 2945 retribuitur?
765 2831 904 2944 'rituli

19 2957 142 3012 scribens,
158 2957 192 3006 ita
204 2957 321 3022 loquitur:
338 2926 405 3023 §jod
413 2929 490 3020 cebris·
501 2959 527 3010 b·
541 2957 624 3018 illustri
634 2959 676 3005 loca
689 2928 732 3018 fita
743 2957 774 3015 fir
789 2958 838 3004 lans
852 2970 903 3014 rua,

16 3025 43 3070 a'n
56 3022 208 3082 plurimorum
220 3024 247 3074 (τ
254 3022 359 3082 sociarum
370 3021 398 3073 <b
407 3024 491 3068 civium
507 3021 612 3086 ctnspebln
628 3036 638 3068 .·
664 3036 710 3086 qua
724 3021 754 3066 ad
767 3035 804 3065 noa
815 3035 851 3066 me
865 3019 904 3066 ob·

12 3085 102 3148 fiere,
120 3085 228 3192 nafivqrio
233 3085 340 3144 smum,
349 3085 390 3146 sed
400 3083 427 3139 όν
438 3083 553 3146 clariffima
564 3114 573 3142 ,
586 3087 613 3138 da·
628 3097 672 3134 una
687 3085 782 3132 omnium
797 3097 847 3130 voce
853 3093 907 3146 pean,

31 3161 106 3194 mur,
165 3159 276 3196 ooman.

15 3148 38 3208 s
53 3218 96 3269 4⁸·
114 3208 163 3265 Erst
178 3224 225 3254 mea
237 3213 315 3270 para]
341 3209 445 3259 Fa'e'rnus
460 3207 509 3258 ‘ure
525 3205 620 3259 delebat
635 3207 677 3259 lrle
693 3219 790 3274 quoque
805 3209 908 3271 conluu-

19 3272 116 3325 ffionis
126 3283 224 3328 notam,
241 3273 275 3323 o.
289 3269 366 3322 utun.
383 3272 435 3322 Mal
461 3271 611 3336 pinairidem
620 3271 683 3322 delet
694 3271 814 3336 copulam.

52 3351 98 3397 4⁹·
116 3335 294 3397 Expetendafuit
308 3351 374 3400 quam
386 3337 464 3383 ruenda
475 3337 533 3382 nobit
544 3336 592 3400 est.]
623 3338 688 3384 Nabis
698 3337 723 3384 in
734 3335 794 3384 meis
804 3331 837 3382 est
852 3326 906 3398 post

19 3397 162 3530 ῗαοηάι,
185 3395 231 3446 boc
246 3395 349 3447 ordine:
370 3403 418 3446 Non
434 3411 480 3445 tam
494 3401 604 3462 expetenda
619 3399 678 3446 nobit
689 3399 740 3458 fait
755 3409 821 3464 quam
831 3395 910 3443 ruenda
957 3450 964 3468 ,

16 3480 29 3510 Ι

49 3497 56 3519 .
77 3462 107 3516 δι
119 3457 183 3513 cadit
193 3461 293 3526 tepidus
304 3461 330 3515 ba
342 3459 496 3515 numerorius.
530 3461 663 3528 malaspina.

433 3528 539 3592 Pudi!
555 3539 570 3575 ²
805 3533 846 3581 5⁰·
860 3524 911 3572 ΝΜ
