2300 3834
192 109 413 192 xxLiriiari
456 123 701 194 Parnon
827 133 909 210 '2049

15 269 21 276 .
41 231 171 314 dd‘qucm
185 236 305 296 scribitur
319 279 328 306 ,
355 235 391 294 de
404 237 435 295 lis
449 237 527 296 rebus
541 279 551 306 ,
571 249 647 314 quas‘
656 239 764 312 ignorat
778 278 788 306 ,
807 237 908 294 certior

39 309 107 381 fiat,
126 313 393 388 praetermittendum
415 311 468 371 effe
499 331 558 372 non
578 325 656 388 puto.
694 313 774 370 iiSic
797 312 831 371 ad
852 329 904 370 nos
940 329 978 389 30

35 403 135 447 omnes
153 387 211 448 ferd
232 389 382 459 deserunt,
409 388 500 457 nihil,
520 388 584 448 clun
604 389 671 447 abiit
691 388 853 455 iracundia,
873 400 902 446 te

34 461 94 522 'deri
107 461 182 539 posse
193 465 349 541 jucundius,
386 464 432 524 sed
455 464 520 524 cum
547 477 576 524 te
609 465 721 540 alicujus
742 465 902 540 improbitas

36 541 246 617 perversitasque
266 542 476 610 commoverit,
503 539 540 600 fic
560 553 588 599 te
603 543 699 600 animo
718 540 824 599 incitari
838 581 848 608 ,
862 551 901 600 ut

36 615 69 672 ab
81 619 208 676 omnibus
223 629 269 675 tua
284 615 448 676 desideretur
461 618 624 676 humanitas.
656 620 751 692 Quare
765 617 900 693 quoniam

34 689 63 748 in
77 709 139 751 eam
153 695 290 751 rationem
305 695 370 752 vitae
391 711 442 753 nos
463 711 522 752 non
543 705 600 751 tam
622 693 753 768 cupiditas
767 693 899 770 quaedam

33 766 127 840 gloriae
147 767 232 846 quim
255 785 296 826 res
318 769 373 844 ipsa
405 787 437 828 ac
464 769 574 828 fortuna
595 769 710 827 deduxit
721 778 735 838 ,'
750 783 781 827 ut
800 769 900 844 sempi-

28 853 123 904 ternus
136 845 225 904 sermo
240 846 388 904 hominurn
403 845 439 904 dc
451 845 530 904 nobis
545 847 650 912 futurus
664 844 712 913 fit:
732 849 898 916 caveamus,

31 933 165 993 quarinum
187 921 295 980 efficere
315 922 344 979 δι
366 920 448 980 conse
468 923 496 980 ui
516 918 674 995 possumus,
693 932 759 994 aaut
772 939 809 980 ne
822 921 901 998 quod

21 995 60 1074 ¹iri
74 999 158 1056 nobis
166 997 271 1072 insigne
286 998 384 1056 vidum
397 998 436 1055 fui
459 997 601 1056 edicatur.
639 997 741 1073 Neque
756 1015 809 1072 ego
824 1015 899 1056 nunc
934 1008 968 1084 3¹1

31 1070 85 1129 hoc
99 1075 259 1142 contendo,
280 1073 357 1149 quod
372 1072 481 1131 fortasse
495 1071 559 1131 clim
574 1072 604 1130 in
618 1075 698 1131 omni
712 1085 806 1132 natura
819 1116 827 1143 ,
838 1079 900 1132 tuni

28 1147 87 1221 jain
101 1151 130 1208 in
144 1150 233 1208 nostra
249 1160 330 1214 aetate
344 1148 454 1208 difficile
468 1147 506 1207 est
520 1189 529 1217 ,
550 1161 657 1206 mutare
671 1150 814 1217 animuin,
835 1150 899 1210 &fi

29 1223 94 1358 quid
117 1225 155 1284 est
174 1226 282 1302 penitus
303 1223 414 1283 insitum
436 1224 581 1294 moribus,
601 1223 629 1282 id
649 1223 737 1283 subito
758 1225 900 1286 evelleret

40 1300 74 1358 ed
88 1315 118 1360 te
130 1301 196 1360 illud
211 1301 375 1369 admoneo,
395 1311 443 1372 ut,
463 1299 483 1359 fi
498 1301 554 1359 hoc
574 1298 655 1375 plene
669 1301 755 1359 vitare
769 1318 827 1360 non
848 1319 901 1377 po-

28 1386 86 1445 tes,
105 1375 184 1513 quiid
198 1375 261 1436 ante
276 1389 427 1451 occupatur
440 1378 547 1436 animus
568 1376 601 1434 ab
623 1376 762 1436 iracundia
783 1414 792 1445 ,
812 1379 899 1452 quam

28 1455 109 1526 provi
130 1471 175 1512 eie
190 1455 259 1512 ratio
272 1454 380 1529 potuit,
394 1471 431 1511 ne
444 1464 640 1528 occuparetur:
661 1466 691 1511 ut
705 1466 733 1512 te
747 1450 899 1512 antecom⁴

28 1543 104 1602 pares
131 1528 313 1606 quotidieque
339 1527 497 1598 meditere,
516 1527 691 1587 resistendum
719 1526 772 1588 eise
791 1529 900 1588 iracun-

26 1602 97 1664 tliaet
119 1612 242 1680 cumque
270 1621 302 1664 ea
324 1603 446 1663 maxime
467 1605 591 1664 animum
611 1617 749 1674 moveat,
769 1605 901 1666 tum-tibi

27 1678 80 1740 eise
94 1679 296 1756 diligentissime
310 1680 433 1756 linguam
454 1679 651 1740 continendam
668 1701 676 1741 t
704 1699 768 1774 quae
782 1679 898 1758 quidem

26 1758 96 1817 milii
110 1760 196 1818 virtus
213 1775 271 1816 non
286 1756 423 1816 interdurn
438 1758 530 1816 minor
555 1757 663 1816 videtur
676 1774 760 1834 quam
775 1758 895 1816 omnino

25 1849 82 1893 non
104 1833 190 1894 irasci.
228 1834 303 1892 Nam
323 1831 389 1892 illud
416 1851 476 1894 non
497 1831 584 1892 solnm
606 1833 644 1891 est
669 1833 829 1910 gravitatis,
849 1831 896 1893 sed

24 1925 240 1985 nonnumquam
256 1910 339 1967 etiam
353 1909 536 1968 lentitudinis:
557 1909 695 1968 moderari
708 1908 777 1980 vero
792 1911 822 1968 &
837 1910 896 1968 aniae‘
924 1912 925 1916 ’
947 1977 972 1986 Μ
1004 1980 1006 1985 s

24 2001 92 2056 mo,
113 1986 293 2054 tentationi,
313 1984 377 2043 cirin
391 1984 424 2044 iis
438 1987 519 2045 uatus
534 2028 543 2055 ,
562 1991 629 2044 ²aut
643 1989 726 2046 etiam
741 1999 849 2055 tacere,
864 1987 921 2044 δεῖ
937 1987 976 2050 ⁸¹31
992 1985 1034 2024 ’¹⁰¹¹

13 2073 120 2121 :tenere
135 2065 164 2121 in
183 2061 228 2143 sua
242 2060 375 2136 potestate
391 2074 502 2121 motum
528 2062 614 2120 animi
640 2061 670 2120 δι
685 2063 831 2132 dolorem,
847 2038 933 2122 etfi's‘
951 2056 976 2088 ’¹'
991 2041 1047 2094 ω*

22 2153 82 2198 non
97 2139 142 2198 est
154 2137 284 2213 persedae
305 2137 467 2212 sapientiae,
494 2149 589 2206 tamen
610 2136 727 2198 estnon
748 2137 896 2200 mediocris

19 2213 136 2288 ingenii.
173 2214 268 2290 Atque
281 2213 310 2272 iii
324 2215 381 2272 hoc
394 2231 495 2289 genere
510 2209 599 2271 multo
619 2225 648 2272 te
668 2209 722 2272 effe
738 2214 799 2289 jam
814 2230 895 2272 coin·

22 2291 185 2350 modiorem
217 2289 415 2366 mitioremque
446 2291 582 2348 nuntiant.
620 2287 712 2350 Nullae
732 2300 789 2348 tuae
811 2291 895 2348 Velie*
925 2294 961 2370 §a

20 2369 176 2426 mentiores
190 2367 276 2424 animi
289 2367 507 2435 concitationes,
521 2364 599 2424 ‘nulla
614 2363 758 2424 maledicta
772 2365 807 2424 ad
823 2381 894 2435 nos,

19 2443 105 2503 nullae
120 2444 300 2518 contumeliae
313 2443 502 2518 perferuntur:
521 2457 586 2518 quae
601 2439 667 2500 cum
690 2441 891 2578 §abhorrentlita
902 2423 1045 2547 {emim

17 2709 25 2718 ‘
47 2715 88 2768 43.
107 2707 147 2758 Sic
159 2704 188 2756 as
197 2711 233 2756 nol
242 2719 311 2755 omnis
317 2703 367 2768 fase
376 2705 492 2768 destruam
506 2707 566 2760 vide
581 2715 613 2759 a'u
624 2701 747 2759 rotundior
757 2705 786 2758 fit
801 2708 893 2768 oratio,

15 2767 131 2836 filegas,
146 2783 171 2820 ut
182 2769 279 2834 quidam
295 2771 309 2820 ὲ
325 2773 455 2828 veteribus,
470 2785 521 2820 tam
530 2773 598 2822 editis
608 2787 682 2838 quain
696 2774 893 2829 manuteneatis,

15 2835 149 2884 exhibent:
166 2837 204 2882 Sic
213 2836 243 2880 ad
251 2853 287 2881 nas
296 2845 364 2882 omnes
371 2833 419 2893 fere
428 2835 540 2893 defitient:
558 2839 627 2891 m'his,
644 2853 690 2883 cum
701 2835 753 2894 absit
762 2835 891 2890 iracundus,

13 2901 84 2945 diem
89 2899 176 2958 solent,
191 2909 212 2943 te
223 2897 276 2958 fieri·
287 2897 340 2960 posse
350 2898 476 2958 jucundius.
510 2897 558 2945 Alli
568 2899 677 2961 praterea
688 2895 836 2960 transpositis
847 2907 892 2943 voa

13 2959 81 3008 cibus
91 2959 223 3008 dederunt:
240 2963 278 3006 Sia
286 2961 316 3006 ad
324 2973 360 3006 aas
372 2971 440 3006 amnes
450 2958 561 3014 deserunt:
574 2959 622 3020 fara
631 2961 688 3006 nihii
698 2961 743 3013 &a
775 2963 798 3007 N
801 2953 843 3007 iliil
853 2971 892 3007 ta·
914 2961 926 2978 ²

14 3036 72 3070 rnen
84 3035 207 3072 muratum
219 3022 291 3071 velim
302 3023 327 3070 iii
339 3022 453 3070 orationis
468 3030 591 3072 contextu.
626 3023 722 3084 Verburg.

43 3104 84 3146 44.
103 3091 139 3132 vr
148 3103 173 3131 ne
184 3087 260 3148 quoa]
285 3085 320 3132 Sic
331 3083 400 3132 habet
414 3083 507 3133 Balliol.
519 3097 544 3132 ut
554 3081 796 3148 extuleruntquoqne‘
806 3076 892 3134 vittas

11 3146 85 3196 tianae
97 3147 218 3198 editiones
229 3179 237 3203 ,
254 3161 296 3195 nec
305 3144 352 3195 scio
363 3162 402 3195 cur
412 3145 529 3210 insequuti
539 3146 640 3197 dele'iint
651 3147 762 3195 voculam
773 3148 891 3210 primam,-

10 3223 88 3273 qnam
101 3211 192 3260 millies
202 3212 234 3258 ita
245 3224 275 3257 eii
285 3208 414 3258 abundanti
424 3211 522 3273 apponit
532 3211 638 3267 Tullius,-
652 3219 678 3258 ut
688 3211 713 3257 in
724 3209 769 3260 liae
779 3207 826 3274 ipsa
834 3213 890 3274 pat-¹

9 3277 35 3321 se
48 3288 99 3330 tir,
107 3291 131 3323 2.
148 3271 235 3321 lisdem
247 3271 358 3321 omnibus
369 3271 502 3320 austoribus
511 3271 612 3322 eandem
623 3272 733 3321 voculam
751 3277 809 3320 indit
825 3271 892 3321 resti·

6 3334 59 3391 tui,
76 3351 103 3383 ut
118 3349 140 3382 te
148 3351 197 3382 anie
206 3350 323 3398 comparet,
338 3348 368 3382 eit
379 3333 470 3384 solenni
479 3335 598 3400 elegantia
607 3335 633 3384 itt
643 3350 672 3385 ea
683 3335 826 3400 duplicanda
835 3327 890 3399 poss

6 3397 236 3472 interpositionem:
254 3396 325 3460 idque
331 3397 479 3447 observatum
489 3400 538 3459 jam
549 3400 593 3450 suis
604 3401 677 3453 stiam
682 3400 804 3456 Munatio,
814 3399 829 3446 as
838 3393 889 3462 qud
961 3403 964 3413 “

5 3458 326 3528 tmadcetienintpaltetit
341 3464 472 3514 Gronovius,
529 3527 531 3532 ἲ
781 3524 796 3534 Ὗ
844 3517 858 3533 Ἴ,

117 3543 121 3550 ·
432 3527 536 3590 Prrtrr
675 3557 680 3567 =
769 3537 808 3584 aa:
823 3522 891 3586 aue
