2274 3864
210 73 292 155 1894
354 67 498 134 Lassa
542 65 971 156 Quantusnncrsrus

208 187 360 263 superiores
373 186 455 262 igitur
470 181 552 258 prilrs.
591 181 689 257 Quam
706 181 775 240 mihi
785 181 944 256 jucundum
960 226 969 252 ‚
987 197 1079 260 oppor-

59 269 178 331 ysarna·
212 263 280 324 tuns
301 263 350 323 tibi
366 266 536 320 rssarnaeurn
555 259 657 320 litteras
680 257 833 318 reddidisse.
872 260 921 330 Tu
937 262 1003 322 vero
1021 263 1080 322 cuir

61 329 178 382 amasii.
214 341 334 411 Cassio,
355 351 387 397 ut
401 351 501 397 cetera.
524 336 612 414 quam
634 333 790 394 comrrrode
811 345 932 407 autem,
960 341 1033 414 quod
1055 337 1080 398 id·

179 437 181 442 ’
210 419 300 496 ipsum
317 460 326 488 ,
345 417 423 494 quod
439 431 486 474 nre
501 432 625 483 mones,
645 413 794 489 quatriduo
815 426 879 472 ante
899 416 935 474 ad
950 433 1013 476 eutn
1029 417 1081 474 scri·

211 498 344 574 pserunt,
364 491 581 568 exemplumque
591 509 723 566 ‚mearunt
737 491 890 550 litterarum
912 492 948 552 'ad
969 507 997 552 te
1011 493 1081 552 mise·

211 591 280 634 ram.
324 569 482 629 ¹0sedclrm
505 568 661 628 Dolabellae
680 568 775 642 derasa
792 567 840 644 (sic
862 570 939 628 enirn
953 571 1082 630 tuadmt

214 648 365 724 scripseras)
387 665 488 724 magna
503 646 695 721 desperatione
710 643 825 706 affectus
840 644 944 716 essem,
965 665 1029 707 ecce
1042 647 1082 706 tib'

217 727 339 788 &Bruti
367 726 396 784 &
416 739 473 782 tuae
485 723 594 782 litterae.
614 724 659 782 ille
679 723 792 782 exilium
808 725 945 784 meditari.
983 744 1032 784 uos
1045 733 1086 782 aui

216 807 276 867 tem
296 815 318 844 ¹¹
330 802 413 861 alium
429 815 543 880 portum
559 801 722 878 propiorem
735 801 802 862 huic
823 804 898 871 aetati
919 801 1085 892 ridebantur:

277 897 307 927 .·
385 917 387 921 ,
515 912 517 919 ι
978 896 981 914 <
1061 897 1086 938 ru

217 1023 306 1079 leram,
321 1037 371 1088 quo
387 1021 446 1072 alsus
462 1017 607 1132 sspnidcatur
622 1017 651 1070 ab
670 1033 722 1076 eo,
741 1033 791 1082 quo
812 1029 865 1086 turn
885 1016 1015 1076 scriberet,
1029 1019 1086 1070 dits:

219 1083 276 1137 dein
287 1087 336 1140 eius
348 1086 481 1136 litterasve
492 1085 540 1150 peri
551 1079 664 1145 accepisse
676 1100 683 1140 3
700 1095 725 1131 ut
737 1084 793 1131 dare
803 1083 937 1146 quidquam
950 1085 981 1133 ad
991 1099 1037 1141 et,
1052 1079 1086 1132 nisi

220 1148 344 1264 postridie,
361 1152 401 1200 vix
412 1150 527 1215 potuerit·
555 1147 626 1197 Adde
637 1147 703 1209 quod
713 1145 745 1196 sic
756 1147 846 1195 litteras
857 1147 981 1197 concludit
995 1164 1002 1195 t
1017 1153 1055 1207 Ego
1067 1147 1088 1193 es'

241 1218 351 1277 ompaiaaa
362 1229 423 1264 vtrr.
440 1215 475 1262 sd.
488 1215 546 1260 Mai.
558 1212 688 1274 cogitabam:
705 1223 730 1258 ut
742 1207 869 1258 necessario
879 1223 937 1259 ante
953 1213 1018 1262 diem
1033 1212 1087 1260 islant

220 1277 283 1338 tlatae
294 1276 389 1329 fitetitrt.
423 1278 517 1339 scriptae
529 1275 601 1338 igitur
612 1273 720 1324 videntur
730 1290 778 1323 vir.
790 1273 825 1323 ld.
839 1275 880 1338 qui
891 1274 942 1324 dies
954 1275 1006 1342 poll
1017 1277 1088 1324 Nonas

221 1340 266 1400 fit5
282 1341 346 1406 quod
358 1357 382 1392 ar
400 1353 500 1392 umento
517 1339 568 1395 est,
583 1339 674 1400 litteras
690 1336 830 1402 praepostero
846 1335 944 1394 ordine,
959 1338 1089 1396 utdirrinrus,¹

222 1405 355 1464 collocatas
397 1403 444 1454 isse.
479 1407 565 1453 Verut'n
583 1399 719 1450 irrolesliam
735 1401 868 1458 exhibent,
885 1417 937 1466 quae
955 1403 1008 1453 sunt
1023 1401 1086 1456 infra.

223 1471 269 1518 lsac
279 1468 362 1518 eadem
373 1469 486 1533 epistola:
504 1468 549 1514 ald
558 1467 693 1513 Dolabellam
701 1465 942 1528 ,quemadt'nadsrmtili
950 1469 1008 1515 diris
1015 1469 1088 1530 platta,

219 1535 295 1596 [σιγή
310 1535 429 1596 diligenter.
464 1536 520 1580 ssaec
542 1530 607 1578 enim
624 1530 722 1578 inuuere
736 1528 870 1584 videntur,
894 1529 958 1579 banc
979 1529 1087 1594 epislolaru

223 1597 335 1660 scriptam
350 1595 401 1660 post
412 1611 451 1644 eas
462 1590 642 1648 litteraturae,
659 1599 710 1655 que
718 1590 828 1659 dicuntur
838 1591 906 1656 supra
915 1608 980 1643 vrit.
991 1593 1086 1644 iddata.

224 1671 385 1724 acproptetea
394 1660 451 1708 loco
463 1656 609 1706 movendam
621 1671 671 1704 non
686 1655 739 1708 esse.
772 1661 826 1706 Nos
837 1656 867 1703 ad
878 1656 927 1706 baee
943 1691 951 1713 ,
968 1659 1034 1708 innui
1046 1657 1089 1718 qui·

225 1723 282 1771 dem
293 1725 361 1772 datas
371 1723 475 1774 fatemur
486 1735 527 1776 eas
536 1722 640 1786 litteras,
657 1719 696 1768 sed
707 1735 822 1784 negamus
831 1718 865 1777 ob
875 1720 899 1771 id
914 1721 982 1784 sequi
994 1757 1002 1780 ,
1016 1734 1040 1770 ut
1052 1721 1089 1768 bat

225 1785 327 1851 epistota
344 1785 456 1850 posterius
473 1783 606 1849 scriptasit.
651 1782 772 1848 Significat
787 1783 852 1832 enirn
867 1783 890 1833 se
907 1785 996 1834 Cicero
1014 1787 1089 1836 litteras

225 1845 337 1917 scripsisse
347 1850 427 1914 Nouis
438 1848 505 1912 ipsrs,
523 1863 572 1896 non
584 1843 679 1900 dedisse
695 1847 760 1898 dedit
772 1861 850 1896 autem
863 1847 991 1911 postridie,
1008 1844 1089 1900 hoeelb

226 1927 290 1975 rrrr.
303 1913 337 1963 sd.
351 1918 434 1975 ltaque
442 1914 525 1964 locum
535 1925 581 1976 ego
593 1912 661 1960 slsum
673 1912 705 1960 ita
716 1912 875 1976 interpretor,
892 1925 959 1964 vtrt.
978 1915 1013 1963 las.
1024 1915 1091 1960 littera

226 1979 384 2026 dederamsaae
398 1993 474 2032 mana,
490 1973 608 2039 qaatLNau.
622 1976 723 2021 videlicet
738 1991 888 2026 exaraveram.
921 1977 1025 2041 Malasp.

262 2056 298 2090 ro.
314 2043 357 2088 Sed
369 2057 416 2096 caan
427 2041 542 2087 Dolabella
552 2042 621 2085 aritia
627 2041 685 2098 &al
700 2043 753 2087 Nos
763 2043 864 2088 avaritia
874 2039 986 2104 legimus.
1004 2053 1055 2088 tram
1065 2035 1091 2086 stt·

225 2100 269 2173 prl
282 2106 386 2167 queritur
397 2102 550 2152 Dolabellam
561 2118 651 2152 nomen
668 2102 733 2165 quod
751 2101 793 2152 sibi
809 2101 909 2152 debebat
938 2103 1009 2154 nolle
1027 2100 1093 2154 disus·

228 2181 297 2216 vere:
313 2167 440 2232 sepiusque
451 2167 480 2220 de
491 2168 538 2216 boc
548 2169 649 2232 negotio
658 2167 771 2232 loquitur.
788 2181 837 2219 erat
850 2180 930 2216 autem
941 2167 1090 2218 hotavarit'ta.

228 2235 310 2290 Nam,
323 2247 353 2280 ne
363 2231 691 2306 araylialegas,repugnat,ut
703 2229 802 2280 arbitror
810 2230 971 2295 ,ilsud‚qubd
983 2231 1005 2282 se
1017 2241 1091 2340 tuaque

201 2296 261 2344 -ob
286 2311 340 2345 eam
366 2311 417 2344 rem
444 2294 606 2360 desperatione
631 2292 742 2342 assertum
769 2291 816 2344 ell'e
846 2293 928 2344 dicit:
974 2295 1090 2348 detestas

227 2361 293 2408 enim
306 2363 447 2410 Ciceronem
459 2357 573 2415 mirifice,
587 2373 637 2408 nort
649 2353 786 2424 offendebat
798 2355 873 2418 alpis-la
882 2359 1029 2418 Dolabella,
1038 2369 1090 2406 ean·

229 2438 276 2484 que
290 2424 332 2472 ille
344 2422 440 2472 summis
451 2421 558 2472 laudibus
569 2423 592 2470 in
609 2423 699 2470 coelum
710 2419 800 2472 ferebat
813 2439 818 2470 r
834 2422 913 2486 iuquit
928 2425 1010 2472 enim:
1029 2425 1090 2470 olla

228 2487 309 2533 labella
321 2487 387 2538 nallrt'
395 2502 493 2548 magnam
510 2489 603 2543 alpis-lar.
626 2499 707 2548 quanta
722 2486 749 2546 ast
766 2485 917 2546 ἀναθεώρησις.
952 2486 1090 2537 Contrarium

228 2547 584 2615 igituressetsententiaeipstus.
610 2551 687 2600 Vilsar.
721 2549 838 2598 Dolabella
855 2551 957 2609 derasa]
987 2554 1091 2600 Htcrore

228 2611 281 2661 usus
292 2626 340 2660 orat
352 2613 444 2660 Atticus
456 2613 480 2660 in
495 2611 534 2660 sua
544 2611 662 2674 epistola,
677 2627 732 2662 cum
750 2612 822 2660 vellet
840 2611 866 2658 in
883 2613 1014 2663 Dolabella
1025 2622 1092 2660 notate

228 2674 397 2724 diffidultatem
408 2675 445 2724 vel
457 2673 577 2724 defessum
588 2675 711 2724 solutionis
724 2676 826 2741 pecunia
839 2676 902 2733 ejus,
919 2692 995 2742 quam
1013 2678 1093 2726 Cicero·

229 2739 256 2788 ni
267 2737 381 2793 debebat,
395 2752 424 2786 ert
436 2735 494 2786 dote
505 2737 557 2802 post
567 2738 696 2790 divortium
708 2740 793 2789 Tulliae
805 2773 813 2796 ,
829 2737 860 2786 de
870 2755 917 2802 qua
932 2741 1032 2806 epistola
1040 2738 1095 2800 supe·

231 2803 295 2853 riori.
329 2801 369 2851 Est
380 2816 459 2850 autem
471 2803 576 2863 juattum
587 2818 617 2852 ert
634 2807 649 2851 a·
666 2803 780 2869 particula
797 2805 896 2856 testatas
908 2807 933 2854 δι
951 2803 1023 2854 verbo
1039 2803 1094 2854 ada,

232 2865 256 2914 id
269 2866 316 2919 ess.
333 2864 416 2924 fulvos
432 2879 457 2914 ut
471 2870 550 2916 datust
560 2869 615 2930 ,qui
626 2881 676 2916 non
689 2865 721 2918 est
733 2864 1003 2934 solvendolsesychius.
1018 2873 1093 2928 Papira.

232 2931 329 2980 Restius
341 2944 420 2978 autern
432 2929 472 2992 alii
482 2929 579 2992 repunt:
597 2931 648 2980 ctam
658 2948 684 2980 ex
695 2932 810 2980 Dolabella
825 2933 999 2997 datalp'magaa
1013 2929 1095 2994 ἀείραι·

228 2994 382 3058 lt'aneaffedlus
397 2993 463 3054 qff'ettt.
498 2991 611 3049 Gsaevius.
641 3003 642 3006 ’
762 2995 764 3001 ’
851 2995 868 3042 ’.
994 3003 995 3008 ’
1033 2995 1036 3004 ’

267 3074 301 3110 rt.
321 3061 406 3108 Assum
415 3063 522 3120 partum]
537 3063 605 3105 Mors
617 3069 697 3120 portus
708 3058 830 3121 proximus
846 3055 966 3112 senestuti.
984 3056 1031 3110 Etsi
1041 3053 1096 3108 enlm

159 3135 163 3144 ·
232 3133 302 3171 mors
310 3124 378 3171 omni
392 3121 454 3170 arari
464 3115 497 3170 est
508 3122 661 3180 communis,
676 3135 766 3170 tamen
778 3121 895 3170 senestute
906 3119 956 3172 noti
968 3117 1040 3188 potest
1050 3120 1094 3166 lou·

235 3197 266 3250 ge
278 3182 354 3246 abesse
360 3202 368 3241 ;
378 3183 442 3232 'ficut
454 3185 527 3248 vulgo
538 3183 622 3236 dicitur
638 3219 646 3241 ,
670 3190 741 3250 serres
762 3185 863 3238 alterum
879 3185 967 3250 pedem
988 3188 1012 3236 in
1032 3179 1096 3246 sepul·

233 3245 293 3316 ebro
305 3247 404 3296 babere
431 3251 493 3296 Beue
505 3251 569 3296 Cato
581 3253 676 3298 Senex:
700 3252 761 3296 Mars
776 3253 833 3297 misai
847 3252 935 3314 'quidem
949 3255 1000 3298 tam'
1010 3244 1100 3310 juranda·

233 3309 282 3372 est,
299 3325 336 3365 ut,
347 3327 388 3372 quo
396 3316 483 3376 propius
494 3313 523 3358 ad
533 3327 622 3359 martem
636 3314 749 3370 accedam,
762 3309 826 3376 'quast
840 3327 921 3374 terram
935 3317 1008 3362 videre
1023 3311 1096 3357 vilar.

233 3375 393 3435 aliquandoque
409 3380 432 3420 in
446 3388 531 3436 parrum
545 3393 570 3422 ex
589 3377 650 3438 langa
667 3379 806 3438 navigatione
821 3375 858 3438 effe
870 3371 984 3427 'oraturus
1010 3379 1095 3436 l'opml·

234 3435 304 3516 lsg'o,
316 3436 397 3516 iuquit
407 3437 513 3513 Cicero,
528 3439 598 3509 aliter
607 3455 648 3508 ure
657 3439 769 3514 capessite
777 3439 915 3514 rogitabant
926 3435 1069 3514 omittendo,
1082 3429 1098 3484 fi
