2328 3884
213 106 334 176 ,1612
454 102 984 170 Linon-Decruus

249 219 312 266 rent
324 209 366 268 his
380 210 409 270 in
425 211 559 288 angustiis.
577 209 625 271 sed
639 209 677 270 dii
697 209 760 272 istos
777 213 794 267 la
812 207 910 270 verimi
930 206 1004 270 aliis.
1045 207 1104 270 Te
1135 279 1136 284 η

224 298 226 306 ’
248 297 384 420 ἓιιιιιιιιι
399 286 543 348 liberatum
564 287 700 366 gaudeo,
720 289 845 364 itemque
865 285 972 345 Piliam.
1010 282 1040 341 87
1050 287 1126 365 Ego

98 413 100 416 .
269 378 318 420 uni
339 381 425 438 panes
450 366 481 424 &
503 379 595 425 cetera
614 367 644 424 in
666 381 769 424 navem
792 374 943 440 parantur,
964 381 1092 440 excurro
1113 367 1121 377 ”

94 435 464 516 ,peptenoPompejanum
503 441 657 500 vueoeno
670 441 756 500 velim
770 442 886 516 gratiam
907 439 987 518 quod
1000 440 1123 500 ¹studi·

93 527 148 576 us,
249 511 300 576 sus.
341 515 368 574 Si
382 534 556 596 quemquam
572 518 667 578 motus
681 519 782 588 fueris,
800 516 849 593 qui
867 519 1003 597 perferat:
1024 517 1127 582 littera

92 584 297 700 {tffiffgsffides
318 603 382 654 ante
402 593 488 672 quam
515 594 710 656 rdilcedimus.

93 727 110 775 y
135 711 245 762 disceda-

95 777 212 828 mmlrf,
505 753 527 800 E
543 751 560 798 P
575 752 586 798 l
603 751 617 798 S
633 753 655 798 T
671 752 694 799 0
710 751 731 806 1·
749 751 771 798 Α
803 751 865 799 xvi.

379 909 623 978 CICERO
663 856 924 972 ATTlco
964 911 990 970 S.

251 1067 292 1106 f*
303 1065 332 1122 O
342 1085 363 1124 ιι
375 1084 424 1124 uo
434 1085 452 1124 u
463 1086 482 1123 u
492 1086 514 1124 ιι
529 1062 565 1124 ad
578 1078 607 1125 te
621 1064 753 1126 dederam
767 1065 868 1125 litteras
882 1064 919 1124 de
942 1063 1066 1140 pluribus
1092 1082 1121 1126 r·

254 1139 294 1174 υ
314 1141 453 1211 huncum
468 1143 503 1202 ad
518 1161 564 1201 me
580 1143 651 1202 bene
659 1142 742 1202 mane
749 1141 901 1217 Dionysius
916 1142 984 1200 fuit:
1003 1143 1051 1200 cui
1068 1146 1129 1225 qui

256 1217 313 1277 lem
321 1236 375 1293 ego
391 1219 548 1279 nonmodo
556 1219 717 1295 placabilem
726 1215 1025 1294 mepraebuillem,sed
1033 1229 1130 1279 totu

251 1292 406 1354 *emisissem
416 1339 426 1365 ,
437 1295 465 1362 ,st
480 1294 630 1354 advenillet
645 1314 700 1372 qua
714 1309 811 1354 mente
825 1306 856 1353 tu
869 1294 904 1353 ad
918 1311 965 1354 me
980 1293 1138 1370 scripserat

257 1382 306 1430 :rat
320 1373 395 1430 enim
417 1371 454 1431 fic
475 1373 503 1430 in
525 1374 577 1430 tuis
598 1373 717 1441 litteris,
736 1389 804 1449 quas
825 1372 926 1448 Arpini
945 1388 1132 1448 acceperam¹

250 1465 312 1507 :um
328 1461 476 1508 venturum
499 1449 718 1526 fadlurumque,
738 1447 816 1526 quod
838 1465 893 1524 ego
916 1446 1031 1508 vellem.
1073 1446 1140 1526 ed

251 1525 376 1585 nolebam
391 1539 504 1594 autem,
525 1525 570 1585 vel
584 1525 730 1604 cupiebam
745 1522 859 1604 potius,
879 1521 933 1584 else
948 1542 1014 1582 eum
1031 1525 1106 1584 nob'

246 1617 323 1660 cum.
361 1602 439 1680 quod
453 1603 517 1679 quia
532 1602 629 1677 plane,
646 1601 713 1661 'ciam
736 1603 765 1662 in
789 1602 970 1660 Formianum
993 1599 1121 1664 veuiffet

248 1678 435 1752 praeciderat,
455 1679 570 1754 asperius
589 1679 624 1738 ad
644 1691 673 1738 te
695 1680 730 1738 de
752 1696 789 1738 eo
803 1677 917 1738 scribere
929 1676 1061 1737 solebam.
1091 1689 1124 1738 'a

247 1753 293 1812 ille
308 1773 444 1832 perpauca
458 1755 585 1824 locutus,
605 1757 678 1814 hanc
698 1755 838 1815 summam
861 1753 957 1813 habuit
975 1755 1117 1815 orationis

102 1839 214 1910 titign.
228 1835 234 1841 “
248 1839 300 1888 ²ut
313 1831 361 1890 fibi
375 1832 547 1908 ignoscerem
555 1855 564 1898 ;
585 1831 612 1890 se
626 1831 705 1890 rebus
726 1832 777 1892 luis
797 1831 963 1908 impeditum
979 1829 1102 1891 nobiscu
1111 1859 1129 1887 ιι

105 1912 150 1957 uu.
248 1907 288 1965 ire
303 1925 363 1966 non
377 1907 462 1983 polle.
501 1926 587 1984 pauca
609 1907 759 1984 respondi,
779 1925 913 1982 magnum
935 1907 1031 1982 accepi
1046 1907 1138 1967 dolo

105 1988 320 2053 lucipeta-rent.
357 1985 480 2043 intellexi
510 1986 650 2042 fortunam
680 1985 714 2043 ab
742 2005 778 2043 eo
800 1985 921 2044 nostram
948 1983 1128 2058 ’ἀείρεέὶιιι

103 2056 213 2104 mm·
249 2057 312 2119 erse.
351 2061 420 2138 quid
439 2058 560 2138 quaeris?
581 2057 689 2119 fortaffe
705 2063 865 2122 miraberis:
886 2063 916 2119 in
931 2061 1060 2118 maximis
1074 2061 1123 2122 ho

54 2148 56 2160 ·
251 2153 313 2194 ιιιιιι
328 2148 488 2212 temporum
513 2135 653 2196 doloribus
674 2139 748 2196 hunc
771 2139 842 2197 mihi
855 2137 923 2196 scito
939 2132 1003 2194 effe.
1021 2137 1116 2198 velim

247 2225 279 2271 ut
292 2213 340 2273 tibi
356 2218 460 2275 amicus
475 2214 514 2274 fit.
553 2216 609 2274 hoe
624 2213 686 2274 clun
708 2215 757 2274 ribi
778 2227 848 2291 opto
865 2257 874 2285 ,
893 2211 922 2254 ⁸⁸
932 2226 1002 2292 opto
1016 2226 1048 2272 ut
1063 2213 1122 2275 bea

333 2376 338 2406 J

258 2460 290 2496 ter
307 2443 379 2496 sesua
389 2445 522 2502 brevitate,
546 2443 652 2494 etiamfi
672 2461 722 2494 non
737 2445 873 2507 inquinatus
890 2446 916 2494 δι
932 2443 1073 2519 depravatus
1091 2445 1123 2497 fo

261 2523 298 2558 et:
316 2524 377 2558 nunc
389 2509 469 2557 addita
479 2511 508 2556 ad
521 2525 575 2558 eam
583 2521 669 2570 ‚quam
683 2508 759 2556 secum
770 2509 857 2558 nabent
866 2508 1047 2565 ,obscuritatem
1058 2523 1114 2560 cett

261 2572 361 2621 entonis
378 2572 544 2646 ignoratione,
561 2571 727 2636 omniapleua
745 2575 829 2622 erroris
846 2574 871 2622 δι
887 2571 1047 2620 tenebratum.
1064 2571 1116 2636 rpti

259 2633 310 2682 lom
325 2634 415 2696 aliquid
431 2635 514 2682 certius
529 2636 657 2683 meliorum
673 2634 786 2683 librorum
803 2634 893 2686 auxilio
909 2635 1056 2696 inueniatur,
1097 2672 1098 2675 ,
1114 2662 1128 2679 ..

260 2695 323 2744 'eeuti
334 2695 412 2745 sumus
424 2698 623 2760 ledtiooem'que
639 2699 716 2746 minus
733 2697 761 2746 ab
777 2699 882 2762 antiquis
898 2698 1001 2762 vestigiis
1016 2697 1111 2749 recedit

212 2802 216 2807 .
253 2757 276 2808 ,d
286 2759 366 2823 euim,
382 2773 422 2808 aut
433 2759 450 2808 o
462 2759 526 2810 forre
538 2763 608 2810 alicui
618 2762 695 2824 magis
708 2760 813 2825 placeat,
824 2763 864 2824 sert
879 2762 906 2807 di
922 2761 987 2820 istos,
1003 2774 1034 2808 ex
1053 2761 1123 2824 pris·

249 2819 360 2886 scriptura
370 2823 475 2880 elicitur,
491 2837 517 2872 ur
530 2823 652 2873 intelledto
662 2822 735 2872 verbo
752 2825 853 2888 aliquo,
871 2829 936 2874 Deos
952 2825 1000 2872 illis
1016 2821 1116 2880 adress·

249 2883 297 2934 else
306 2901 362 2936 eum
372 2901 455 2952 orpere
467 2887 620 2968 intelligatur.
641 2889 720 2936 Vilior.
735 2888 839 2954 vulgata
849 2889 922 2937 lertio
936 2886 1020 2936 eadem
1031 2883 1066 2936 est
1077 2901 1096 2951 q

249 2946 391 2999 Bess'arionis
401 2949 454 3001 mss'.
466 2954 504 2997 ue
515 2969 564 2998 uere
574 2954 706 3004 adiuvarent
721 2954 755 2998 his
772 2953 794 2999 r'rr
812 2951 923 3016 angustiis.
957 2951 1000 2998 sea
1014 2962 1041 2998 ιιι
1056 2951 1112 3008 t'stor

252 3026 326 3076 quam
336 3026 431 3062 tuemur
442 3016 563 3062 Manutius
576 3017 601 3064 δι
612 3012 740 3064 Corradus.
775 3017 847 3062 (ierit.

285 3085 322 3131 87.
340 3081 455 3140 Ega,dum
466 3094 532 3124 naues
542 3081 567 3130 (γ
579 3093 646 3126 cetera
655 3083 780 3140 parantum]
798 3078 886 3126 Melior
897 3072 1053 3138 (nifidallor)
1066 3077 1124 3128 anti

251 3151 299 3202 qua
319 3139 398 3190 leodio.
433 3145 512 3190 Naves
528 3143 594 3190 enim
615 3142 663 3200 iam
680 3139 741 3195 ante,
753 3155 891 3204 paraverat:
909 3138 1019 3189 nondum
1043 3153 1126 3189 tame

253 3201 351 3259 omnia,
367 3218 419 3266 qu:
435 3203 466 3252 ad
483 3201 644 3268 narigaldum
661 3201 786 3253 neceffaria
802 3217 882 3258 erant,
899 3202 1057 3266 providerat:
1076 3219 1096 3266 q
1128 3236 1130 3239 -

251 3265 310 3312 dum
321 3279 501 3330 comparantur,
517 3279 542 3316 ut
553 3265 614 3332 fuga
625 3265 779 3332 titspicionem
789 3269 905 3318 minueret
918 3300 925 3324 ,
941 3264 964 3316 se
981 3267 1007 3318 iu
1024 3269 1124 3331 Pompe

250 3328 334 3390 janum
344 3343 465 3379 exutrrere
474 3331 538 3379 uelle
549 3330 653 3380 nunciat.
688 3333 765 3405 uilior.
943 3332 945 3338 '

252 3389 1123 3524 alf'ulllss'assssldl3133²lll¹lld¹vli¹0¹tdtfs⁰ll'¹3leilld

1046 3547 1051 3552 ·
1094 3535 1127 3571 eu
