2312 3832
260 97 1022 190 2148Errsr.nnssrrurnu

259 215 379 274 virtutes.
418 229 507 273 unum
527 209 608 279 hoc,
634 220 713 284 grato
735 212 831 270 animo
856 209 1022 290 liberalique
1044 204 1104 286 prust·¹

260 289 355 361 etun,
375 290 528 351 cautiorem
544 303 576 346 ac
591 284 808 347 moderatiorem
822 286 1021 350 liberalitatem
1035 286 1106 348 deiic-

258 379 308 426 rat.
347 367 424 427 Nihil
444 367 520 425 eninr
542 362 648 422 senatus
677 364 806 442 cuiquam
836 362 901 423 dare
924 365 1035 436 debet,
1058 361 1112 440 quoi

107 469 223 510 nexem·
260 442 333 504 maid
347 442 528 520 cogitantibus
549 439 702 515 ¹²cuemplo
727 453 774 498 aut
803 439 932 516 praefidio
963 443 1007 502 iit.
1044 442 1118 499 ²⁰ltr··

107 520 233 586 plumatis.
261 538 317 655 pue
332 521 421 580 timeo
436 519 471 578 de
486 514 643 586 consulatu,
663 533 699 574 ne
708 515 798 586 Caesar
811 529 874 576 tuus
887 517 969 578 unus
984 519 1012 577 se
1026 517 1118 578 adsceu·

46 938 49 942 ·
110 935 208 988 oputat

109 989 161 1039 alti.

113 1619 130 1670 p
140 1604 191 1680 ⁸alii

113 1681 195 1717 eram.

280 593 326 655 isse
353 607 432 672 putet
451 593 566 654 decretis
580 593 633 651 tuis
653 603 679 634 ²¹
690 592 879 669 quiminde,
899 593 1036 654 ficonsul
1053 592 1122 652 sacius

260 671 292 732 fit
307 715 316 742 ,
336 670 535 732 descensurum.
573 666 662 745 Qubd
677 667 697 728 fi
710 669 872 738 Antonius,
892 670 928 728 ab
942 671 1002 730 alio
1012 669 1123 730 relidunt

259 749 338 824 regni
352 749 581 815 instrumentum,
595 743 771 804 occasionem
786 746 920 820 regnandi
932 747 1049 806 habuit:
1067 762 1125 822 quo

262 842 328 884 nam
343 825 439 884 animo
453 825 513 882 sore
528 834 621 898 putas,
642 820 662 879 fi
686 822 747 898 quis
773 821 887 882 audore
904 865 913 891 ,
933 841 997 883 non
1023 835 1127 900 tyranno

264 901 429 970 intersesto‚
448 900 494 960 sed
507 899 565 972 ipso
580 897 672 958 senatu
688 940 697 968 ,
717 910 817 972 ⁰putet
831 898 858 956 se
874 899 995 973 imperia
1010 899 1126 976 quaelibe

265 977 458 1053 concupiscere
472 974 548 1053 polle
564 972 576 1033 ?
596 978 690 1049 Quare
703 985 764 1032 turn
779 975 986 1034 &felicitatem
1004 1018 1013 1044 ,
1034 978 1066 1034 bc
1078 991 1128 1050 pto

265 1053 418 1113 videntium
432 1053 549 1112 laudabo
564 1063 658 1120 tuam,
679 1050 743 1110 ciam
759 1051 933 1126 exploratum
953 1052 1064 1110 habere
1086 1068 1129 1108 cm

264 1147 354 1206 pero,
372 1130 510 1190 Caesarem
524 1127 693 1196 honoribus,
712 1145 784 1204 quos
804 1128 965 1203 acceperit,
986 1127 1130 1187 extraord-

240 1207 243 1214 ’
265 1206 346 1266 uariis
359 1208 420 1266 fore
436 1217 611 1266 contentum,
648 1204 758 1262 Alienae
771 1204 852 1278 igitur
867 1245 876 1271 ‚
895 1204 1007 1280 inquies
1023 1247 1034 1274 ‚
1056 1203 1131 1278 culpe

265 1293 295 1324 ²²
305 1299 351 1340 me
365 1301 445 1341 reum
459 1280 562 1341 facies?
573 1280 680 1340 Prorsus
695 1281 803 1348 alienae,
818 1279 1040 1355 ²³s1provideri
1055 1281 1132 1356 potuit

265 1375 302 1418 ne
317 1358 462 1418 exsisteret.
498 1358 577 1434 quod
590 1358 697 1418 utinam
710 1355 859 1432 inspectare
866 1357 947 1432 pollis
962 1355 1132 1416 timoremdc

265 1435 314 1494 illo
329 1440 441 1494 meum!
455 1436 516 1494 ¹His
528 1434 623 1495 litteris
643 1432 744 1508 scriptis
763 1445 791 1492 tc
805 1433 947 1492 consulem
966 1433 1081 1493 factum
1099 1451 1145 1502 ar-³

266 1510 395 1571 divimus.
431 1523 493 1570 tum
506 1509 575 1570 verb
589 1511 718 1585 incipiam
733 1526 890 1586 proponere
904 1509 975 1568 mihi
994 1503 1145 1598 rempublil

268 1603 331 1646 cam
352 1587 451 1664 jussani
472 1589 525 1646 1³&
542 1588 602 1663 jam
617 1585 667 1644 suis
682 1587 818 1646 nitentem
833 1585 950 1654 uiribus,
971 1585 1145 1662 sristhucriq

269 1662 346 1724 dero.
386 1665 466 1723 Filius
487 1663 559 1722 valet
593 1663 623 1722 δε
644 1665 674 1722 in
701 1661 901 1726 Macedoniam
925 1679 995 1722 cum
1019 1665 1145 1740 equitatu

114 1775 131 1826 q
147 1776 177 1810 ex
187 1758 252 1812 castr.
268 1738 419 1817 praemissus
436 1731 482 1800 eil.
520 1739 612 1800 Idibus
626 1740 726 1816 Majis,
744 1751 802 1798 <rex
816 1737 912 1798 castris.

114 1841 155 1871 non
165 1823 226 1886 essin

112 1889 175 1941 asiis.

1059 1819 1137 1866 Eli·

262 1997 287 2044 Ρ.
301 1993 421 2044 Manutius
434 1992 521 2046 deleuit
531 1995 589 2044 duas
600 1990 731 2060 postremas
740 2007 830 2051 voces,
845 1991 982 2057 secutusque
993 1993 1053 2054 eius
1065 1995 1139 2045 audio·

260 2057 357 2106 ritatem
373 2058 511 2112 Lambinus.
543 2073 590 2122 ego
611 2056 686 2108 adbuc
708 2057 786 2107 baereo
803 2074 811 2114 ;
827 2059 943 2121 quoniam
964 2071 1005 2105 eas
1025 2061 1145 2124 reperi'n1

260 2121 373 2169 omnibus
384 2123 455 2170 salat.
468 2119 509 2170 etsr
520 2122 546 2170 in
557 2119 698 2186 quibusdam
710 2121 757 2170 alia
768 2120 926 2171 distinctione.
961 2123 1061 2172 Gruter.
1144 2141 1145 2146 ¹

292 2197 331 2234 ιο.
349 2191 422 2246 Itaque
436 2188 500 2232 timeo
516 2186 542 2232 de
559 2184 688 2246 consulatu,
704 2202 730 2232 ue
746 2184 1140 2246 Casarnrus.]l³a'e'1nusdclebdb

261 2245 413 2308 detonsusatn.
439 2245 522 2298 -Utslm
669 2249 674 2253 ²

292 2321 331 2361 ar.
349 2313 425 2375 Qum
438 2305 609 2372 inde,'ficurfiri
617 2309 691 2368 furius
700 2309 917 2370 fit,desceufiarum.]
932 2313 960 2358 ln
973 2313 1138 2378 manuscripts

262 2370 309 2430 est,
325 2374 402 2437 Qum
412 2375 475 2431 inde,
482 2375 581 2434 fitense!
587 2373 661 2434 falsus
668 2375 712 2432 fir,
723 2374 753 2432 stt
765 2373 904 2434 descanficrrrr.
921 2371 997 2422 idern.

291 2451 330 2485 22.
347 2440 385 2484 Me
396 2454 456 2485 reum
462 2437 552 2497 facua]
579 2438 652 2500 Atqui
663 2437 688 2485 in
698 2436 796 2500 Junrina
808 2437 832 2484 δι
844 2436 908 2486 Rob.
920 2436 1039 2500 stephani
1056 2440 1139 2506 legitu

259 2513 362 2546 menum
370 2501 489 2560 subjicies,
505 2514 549 2549 nec
560 2501 628 2548 aliter
638 2499 686 2549 uidi
699 2501 726 2548 in
738 2503 790 2548 MS.
803 2499 899 2564 Balliol.
925 2499 997 2559 Quod
1010 2517 1071 2551 non
1080 2515 1140 2568 porc·

259 2572 314 2609 runt
324 2560 449 2618 dubitare,
465 2563 524 2625 quin
541 2563 682 2626 preferant,
698 2563 740 2624 qui
750 2563 823 2611 sciunt
831 2563 934 2622 subjicere
946 2564 1045 2612 Latinis
1063 2566 1141 2616 dicii:

257 2623 336 2671 uicem
348 2624 442 2674 alterius
458 2624 591 2675 submittere
609 2629 634 2676 δι
651 2639 757 2689 ponere,
777 2625 852 2674 etium
867 2625 893 2674 in
908 2625 978 2673 variis
994 2627 1140 2682 iudiciorum

259 2684 377 2749 patribust
393 2700 418 2736 ut
428 2687 489 2750 apud
500 2691 612 2738 Senecam
629 2693 685 2738 Her.
697 2691 751 2737 Fur.
772 2691 850 2750 Meque
856 2689 972 2748 [nuruum
983 2693 1033 2736 cuis
1043 2693 1141 2753 Restitit

258 2751 385 2806 vincum&
398 2749 459 2813 apud
472 2748 599 2801 Asconium
611 2752 765 2800 inverrinam
774 2749 806 2799 de
816 2764 913 2814 pictura
925 2749 1032 2810 urbana,
1035 2754 1143 2817 subjioerr

259 2813 362 2876 improbos
368 2815 454 2876 Judices
464 2816 493 2862 ad
503 2818 590 2862 venales
595 2815 709 2876 sententias
714 2813 856 2877 proferendas.
889 2818 1000 2863 Gronov.

289 2893 329 2932 23.
346 2877 374 2924 Si
389 2879 503 2941 provideri
520 2881 597 2940 potuit.
605 2885 618 2936 1*
642 2876 775 2940 Quomodo
794 2877 866 2940 culpae
887 2881 924 2927 M.
944 2877 1042 2941 Tullius
1065 2878 1144 2932 affinis

261 2953 312 2988 non
332 2939 385 2998 sit,
409 2939 527 3006 provideri
546 2941 644 3004 potuit,
671 2954 702 2988 ne
720 2955 749 2990 ea
768 2939 903 2989 existeret?
920 2982 924 2988 .
940 2943 994 2990 Nos
1019 2943 1058 2999 fi.
1066 2948 1145 3007 provi·

258 3003 308 3050 ‘cieri
325 3021 366 3051 nou
383 3009 478 3068 potuit,
504 3006 530 3054 δι
550 3018 581 3052 ex
596 3002 730 3062 sententia,
751 3005 777 3052 δι
792 3018 822 3051 ex
843 3017 892 3054 uuo
912 3004 986 3052 etiam
1012 3014 1144 3065 mentum,

258 3066 422 3119 emendamus.
457 3068 508 3116 Erit
525 3099 533 3124 ,
552 3068 648 3131 iuquit,
664 3065 790 3116 Odaviani
801 3067 891 3130 ingenii
906 3066 994 3129 culpa,
1012 3082 1071 3116 uon
1089 3083 1145 3128 tna,

258 3125 278 3176 fi
301 3128 369 3178 aliter
384 3130 435 3179 lieri
451 3146 501 3180 non
521 3131 607 3194 potuit.
623 3130 757 3192 Malaspina.
792 3129 864 3178 Aliud
880 3127 964 3194 agebat
980 3129 1145 3196 malaspina.

260 3203 317 3238 cunr
334 3188 445 3240 scribebat
462 3193 590 3256 legendum
603 3191 652 3240 hoc
667 3193 740 3250 loco,
763 3192 910 3254 fiprrvideri
925 3197 1071 3252 nonposm'r,
1099 3211 1145 3258 qur

260 3251 337 3300 lessio
347 3252 388 3300 bic
402 3255 469 3302 nullo
484 3255 559 3303 modo
570 3255 626 3304 serri
642 3255 725 3318 potest.
758 3260 812 3304 Hoc
832 3254 929 3304 enimsi
947 3254 1031 3304 nificat
1047 3261 1145 3310 Beuum

265 3313 359 3388 Prorsus
370 3313 450 3362 aliena
461 3318 533 3380 culpe
543 3331 568 3366 te
579 3321 644 3367 teum
655 3318 756 3372 inciam,
771 3317 853 3375 idest,
868 3271 959 3382 prorsas
969 3331 1056 3368 eorum
1068 3353 1079 3376 ,

266 3390 367 3440 peccant
378 3374 629 3435 exsufflavimus,
644 3383 669 3428 iu
681 3394 708 3429 te
724 3381 817 3445 culpam
833 3379 970 3436 conseram,
989 3337 1145 3457 siprovffi'

265 3438 341 3490 abste
350 3440 428 3504 potuit
438 3473 447 3500 ‚
463 3443 563 3506 nequid
573 3443 615 3494 ille
626 3456 740 3506 peccaret.
770 3443 820 3494 hoc
830 3441 875 3502 est,
890 3443 907 3496 si
919 3444 1037 3510 potumi,
1055 3459 1145 3562 istm
