2298 3854
142 105 338 176 Error.
380 127 453 176 nn
495 99 800 180 Art‘rcurt.
840 113 919 199 1989
1011 86 1027 127 β

38 219 174 290 devetat,
194 221 392 282 commissione
414 221 606 292 Graecorum,
641 223 826 299 frequentiam
854 243 914 290 nott

31 299 127 358 fuirsc:
148 298 251 376 equod
264 297 380 374 quidem
396 314 444 356 me
466 295 584 358 minime
605 299 710 370 fefellit.
749 301 797 358 scis
818 303 938 373 eninm
957 303 1068 370 alitque.

32 376 100 463 quid
122 393 175 452 eqo
204 373 240 434 de
255 375 360 434 Gtaecis
382 373 452 432 ludis
473 374 645 444 existimem,
665 393 740 434 nunc
756 377 818 436 audi
833 381 914 454 quod

32 452 113 528 plutis
138 451 176 512 est
202 450 289 530 quim
304 449 409 510 omnia.
429 445 552 526 Quintiis
566 452 618 510 fuit
633 469 745 510 mecum
761 453 817 512 dies
832 472 914 514 com·

24 528 120 604 plures
147 531 194 598 δι,
227 527 315 604 dego
331 544 482 602 cuperem,
501 527 547 586 ille
562 529 607 586 vel
620 529 708 603 plures
724 527 812 588 fuisset
826 549 834 588 :¹
854 531 912 602 sed,

31 617 169 682 quantum
184 606 254 674 fuit,
273 603 431 664 incredibile
446 605 501 673 est,
521 603 608 679 quim
623 623 669 662 me
686 606 715 664 in
731 608 811 666 omni
824 625 911 683 gene·

29 699 59 740 te
74 681 232 771 delediatit:
253 682 282 740 in
293 698 390 768 ¹eoque
406 679 545 749 maximb,
566 683 668 758 inquo
684 682 801 744 minime
816 684 908 744 alatis·
951 691 1064 756 putabam

28 758 157 820 faciebat.
197 758 234 817 fic
254 775 330 816 entm
352 769 560 816 ‘commutatus
587 759 625 817 eil
653 770 728 818 totus
757 761 787 819 δι
807 759 909 836 scriptis
920 704 1051 808 alif-⁶¹¹5·

28 837 101 896 meis
116 834 299 923 quibusdam,
318 836 427 910 quaein
442 834 568 894 matribus
582 833 736 906 habebam,
756 839 785 896 δι
800 831 1063 898 affidm·‘.‘⁰¹¹¹¹¹'¹''

26 925 85 972 tate
110 926 243 972 orationis
273 913 303 970 δι
322 909 490 986 ptaeceptis‚
511 921 542 970 ut
560 910 607 968 tali
627 912 722 970 animo
743 911 773 971 in
794 931 906 990 tempu·
919 895 1011 992 ffiffm
1112 915 1116 932 ⁴

25 989 149 1062 blicam,
168 988 306 1064 quatinus
322 988 468 1056 volumus,
489 985 651 1047 futurussrt.
684 986 821 1048 hoccltm
836 993 907 1052 mihi
963 979 981 1042 ‘-

26 1085 88 1130 uon
110 1064 201 1124 modo
222 1060 432 1134 confirmasiee,
458 1061 504 1122 sed
532 1063 616 1120 etiam
637 1061 823 1137 petsualiffet;
852 1071 911 1144 egit

15 1147 147 1204 'mecum
163 1139 289 1200 accurate
304 1141 397 1204 mtdtis
418 1139 531 1208 verbis,
550 1139 599 1198 tibi
620 1151 650 1198 ut
671 1139 861 1216 sponderem,
881 1145 909 1205 se

24 1220 148 1296 dignum
171 1219 201 1277 &
222 1229 250 1276 te
277 1219 307 1276 δι
322 1216 401 1277 nobis
420 1216 569 1283 fututum;
590 1232 626 1274 ne
649 1234 683 1274 ue
703 1215 730 1275 se
753 1217 909 1293 postulate,

23 1297 166 1356 utstatim
181 1295 305 1356 crederes
322 1314 329 1353 ε
349 1292 413 1360 sed,
433 1291 567 1366 cumipse
581 1233 773 1367 peripexiffes,
793 1305 853 1354 tum
876 1311 908 1358 ut
932 1331 937 1346 ι

23 1375 51 1434 se
68 1363 188 1433 amat'es.
230 1369 309 1448 quod
323 1369 373 1430 nist
394 1367 479 1427 fidem
503 1369 572 1428 mihi
594 1366 715 1441 fecillet,
730 1370 909 1445 judicassem-

23 1469 81 1530 que
98 1452 175 1519 hoc,
195 1448 273 1526 quod
289 1448 378 1518 dico,
398 1445 510 1506 firmum
532 1447 613 1513 fore,
633 1463 692 1505 non
714 1443 836 1508 fecissem
858 1447 906 1520 id,

22 1527 105 1605 quod
129 1526 250 1586 dicturus
272 1523 340 1584 sunt.
380 1523 446 1584 duni
466 1523 542 1581 enim
565 1539 679 1581 mecum
701 1523 906 1588 adolescentem

20 1605 57 1666 ad
70 1605 204 1663 Brutum.
242 1601 279 1660 stc
295 1603 321 1660 ei
334 1600 481 1678 probatum
503 1598 565 1668 est,
593 1599 670 1677 quod
690 1599 726 1659 ad
746 1614 774 1660 te
798 1601 904 1676 scribo,

20 1697 53 1741 ut
78 1681 141 1758 ipse
163 1677 333 1746 crediderim
362 1695 408 1737 me
430 1675 588 1752 sponsorem
611 1677 736 1750 accipere
757 1677 902 1739 uoluerit:

23 1774 156 1836 eumque
182 1755 295 1815 laudans
320 1751 481 1813 amiclffimb
511 1753 687 1812 mentionem
721 1755 761 1812 tui
798 1754 907 1818 fecerit.
951 1751 956 1754 ’

18 1835 193 1912 complexus
227 1831 416 1908 osculatusque
447 1827 585 1888 dimiserit.
625 1830 820 1904 Quamobrem
855 1833 906 1894 etsi

20 1914 114 1990 magis
131 1909 188 1996 eli,
206 1907 284 1985 qubd
297 1909 414 1984 gratuler
428 1907 501 1976 tibi,
528 1905 615 1983 quim
637 1905 716 1983 qubd
736 1917 764 1966 te
785 1925 903 1984 rogem,

16 2003 121 2050 tamen
140 1999 224 2046 ettam
239 2002 326 2060 rogo,
347 1996 400 2053 ut,
420 1983 440 2042 st
455 2001 520 2060 quae
534 1981 624 2042 minius
638 1998 717 2042 antea
731 1997 844 2060 propter
858 1986 902 2046 in,

19 2067 191 2127 firmitatem
207 2063 293 2120 aetatis
308 2060 461 2119 constanter
475 2060 508 2117 ab
522 2077 558 2118 eo
580 2057 640 2117 fieti
662 2059 848 2131 videbantur,
868 2079 903 2123 ea

10 2145 128 2224 judices
144 2139 223 2198 illum
236 2134 360 2213 abjecisse
377 2159 386 2205 ;
409 2137 534 2212 mihique
557 2135 674 2204 credas,
701 2137 821 2196 multum
837 2139 902 2198 allae

4 2233 134 2300 ¹inuram,
156 2217 201 2275 vel
213 2215 364 2291 plurimum
377 2211 486 2289 potius,
505 2212 539 2272 ad
553 2211 622 2269 illius
639 2211 779 2286 judicium
799 2214 902 2273 confir,

14 2295 186 2364 orandum,
206 2290 399 2356 attetontatem
412 2304 498 2354 tuam.
537 2287 661 2351 ebruo
682 2285 747 2351 clun
769 2289 842 2367 saepe
857 2294 900 2350 in-

7 2388 11 2399 ·
71 2405 78 2412 ·
280 2399 282 2409 ‚
696 2407 700 2413 ·
856 2369 903 2444 je·
975 2431 979 2440 ,

44 2594 89 2638 4²·
107 2581 176 2625 Bruto
185 2591 234 2624 cum
244 2574 301 2636 sem
311 2573 425 2635 injeciffim
436 2573 462 2621 de
477 2569 610 2631 larnaria,
625 2568 683 2626 dn]
714 2564 813 2631 Antiqui
825 2562 897 2626 libri,

4 2639 86 2703 sape.-
105 2639 149 2688 ubi
160 2637 236 2688 excufi
253 2591 342 2702 (spem)
359 2635 465 2686 hubent:
488 2647 591 2684 veterem
608 2645 688 2682 autem
705 2631 835 2680 lestionem
850 2631 899 2679 sin·

11 2705 140 2756 aeriorem
151 2702 287 2759 iudicamus.
320 2703 409 2761 lnjr'cere
419 2700 457 2748 hic
468 2696 600 2762 siguificare
616 2695 707 2748 videtur
723 2697 784 2742 inter
794 2696 900 2757 loquen-

8 2767 74 2816 dum
97 2764 211 2830 quedam
230 2764 329 2814 brevitet
344 2761 461 2828 proferre,
479 2777 531 2825 quae
541 2760 680 2809 dedderium
692 2757 798 2805 nosltum
813 2756 899 2806 siacu-

8 2829 58 2887 te,
75 2843 107 2880 ιιι
120 2827 185 2877 diua
200 2825 271 2886 sunt,
291 2825 434 2889 accipiantur
449 2856 456 2879 ,
478 2824 602 2876 indicente
622 2819 828 2885 quemadmodum
848 2819 896 2867 hoc

9 2893 120 2944 verbum
132 2888 225 2954 usurpat
238 2889 372 2940 Trebonius
380 2890 404 2936 in
415 2885 513 2950 epillola
530 2885 561 2934 ad
572 2886 736 2939 ciceronem,
752 2882 791 2931 ubi
807 2883 838 2931 de
853 2883 899 2930 Ci-

5 2971 107 3014 cetone
122 2953 177 3004 filio
194 2953 315 3016 loquitur:
335 2955 388 3016 Qi
402 2968 450 2998 cum
468 2953 524 2997 milri
541 2953 564 2996 in
574 2950 670 3008 sermone
683 2946 784 3006 {rejecisset
799 2948 823 3006 se
839 2947 898 2992 veisa

7 3016 105 3079 {Asiam
122 3018 211 3078 uasere,
227 3035 268 3065 non
283 3017 343 3064 modo
359 3017 466 3063 invitatus
477 3046 485 3070 ,
496 3015 535 3074 sed
549 3016 616 3058 etiam
631 3024 715 3073 regatus
729 3008 787 3067 esti
804 3025 855 3064 mc,
871 3021 899 3056 ut

4 3085 33 3132 id
46 3079 205 3148 pott'ffimum,
216 3081 274 3126 nobis
290 3078 426 3141 obtimatibus
439 3071 591 3140 providerim,
601 3073 689 3132 faceret.
712 3073 813 3122 Miratur
825 3071 896 3134 igitur

4 3147 123 3200 cicero,
139 3157 194 3195 cum
205 3141 263 3205 saepe
273 3143 298 3190 iu
309 3141 417 3206 setmoue
427 3145 498 3188 Bruto
507 3133 619 3196 iniecisset
632 3135 654 3184 se
669 3149 753 3199 cupere
763 3148 818 3182 cum
828 3148 858 3182 eo
870 3136 896 3190 in

4 3211 139 3262 Gratiam
150 3207 275 3268 navigare,
291 3205 359 3254 illum
372 3218 423 3252 non
433 3202 516 3266 cupide
529 3201 553 3250 td
567 3201 650 3278 arripui
656 3197 700 3255 tle,
718 3211 774 3248 nam
785 3197 823 3252 ubi
839 3202 899 3246 acci·

4 3285 53 3322 tere
66 3283 149 3322 antea
161 3269 300 3332 legebatur,
321 3273 413 3328 arripere
428 3265 608 3322 emendavimus
624 3297 631 3319 ‚
648 3261 775 3310 autoritate
790 3274 897 3317 veterum

4 3337 134 3388 tadicum
146 3331 240 3382 addubii
252 3335 277 3381 bc
291 3330 355 3380 verbi
367 3331 434 3386 buius
444 3327 580 3394 elegantid,
597 3325 663 3390 quod
678 3327 770 3389 optime
787 3324 825 3372 hic
836 3338 897 3370 eon·

4 3395 96 3450 'venite
118 3409 177 3444 nam
188 3397 214 3446 δι
225 3409 318 3459 equum
329 3392 435 3442 censebat
446 3408 489 3457 pto
501 3391 539 3440 sua
549 3391 682 3452 dignitate,
698 3385 734 3444 se,
750 3401 801 3449 quae
809 3385 897 3436 suavo*

4 3461 95 3522 limes
110 3457 186 3517 esset,
201 3454 644 3578 leuiteradmonem,Lblclllqutt;1muir
658 3450 833 3519 perceptoque
847 3445 904 3559 sequ·¹
