2300 3834
178 49 181 58 ⁶
241 66 343 134 2122'
388 67 783 150 Errsr.a1›Qurnrunt
813 69 997 137 anrrtrnt

94 179 1118 344 „namtututtttdliut‘ttiai{riatur,lut

90 359 109 394 ο
124 344 212 394 leutio
240 333 336 392 mius:
363 333 380 392 a
402 336 447 410 Q.
474 333 612 410 Pompeio
640 329 753 390 Meliala
775 351 783 391 a
809 331 825 390 a
848 333 966 394 Tnario
995 337 1116 398 Scaurus.

90 409 167 484 ΜΝ...
241 409 373 486 rMagno
386 427 428 470 res
442 409 471 468 in
486 422 568 470 motu
582 408 877 486 eil,proptereaqubd
891 423 942 469 aut
954 413 1116 485 hominum,

91 473 165 540 W
241 485 311 544 autl
367 503 395 546 m
410 487 533 575 interitus
546 483 705 546 ostenditun
744 486 773 544 O
793 501 839 574 era
852 485 952 558 datur,
972 504 1007 550 ut
1019 492 1117 568 judicia

91 544 298 645 mffl'atttflne
348 577 388 623 nr.
425 565 480 622 Res
494 561 602 622 ardetur
615 561 764 638 spetunca
797 570 1004 640 interregnum.
1046 569 1117 626 Con·

93 609 111 660 q
215 637 307 720 *sules
321 640 437 700 comitia
451 641 551 699 habete
572 641 711 727 cupiunt:
749 638 790 698 tei
809 640 911 698 nolunt
939 645 973 701 8(
996 643 1117 704 maximi

239 715 414 787 Memmius,
428 715 506 792 qubd
519 727 549 770 4ι
558 715 670 776 Caesaris
689 714 812 774 adventu
829 714 917 792 sperat
939 719 970 778 se
992 722 1115 781 futurum

93 793 391 855 rattttaceteonsulem.
435 793 481 854 ied
505 793 608 852 mirum
628 793 658 852 in
682 790 801 851 modum
823 793 922 852 racet.
973 796 1116 857 Domitius

240 885 306 928 cum
321 869 435 930 Messala
449 882 538 929 certus
560 866 613 928 eise
635 868 785 928 videbatur.
878 887 945 930 utus
966 875 1116 934 refrixerat.

239 946 348 1023 Appius
361 947 419 1008 fine
438 946 499 1023 lege
523 946 633 1032 Curiata
656 944 805 1032 confirmat
822 943 850 1002 fe
871 945 1004 1033 Lentulo
1025 951 1113 1010 nostro

238 1021 438 1084 successurum:
457 1025 505 1111 qui
539 1024 634 1081 uidem
649 1020 779 1080 mntficus
791 1019 840 1080 illo
853 1019 899 1081 dre
921 1024 1018 1100 (quod
1039 1027 1115 1104 paenl

239 1097 371 1174 praeerit)
390 1102 443 1160 fuit
463 1117 492 1158 un
512 1040 687 1164 gabinium:
714 1096 849 1156 accusavit
869 1116 916 1158 ma
986 1103 1025 1161 tis
1040 1146 1050 1173 ,
1068 1121 1113 1162 no

237 1177 315 1234 mina
330 1177 410 1246 data,
430 1175 494 1236 cium
509 1175 553 1234 ille
572 1175 689 1234 verbum
712 1173 830 1235 nullum.
867 1175 915 1234 Ha
935 1195 966 1236 es
988 1179 1115 1238 foteufia.

236 1251 327 1311 Domi
341 1252 440 1323 redd,
461 1255 492 1311 &
511 1251 565 1330 ipsa
587 1253 688 1312 domus
706 1250 724 1310 a
745 1251 968 1327 redemptoribus
987 1255 1114 1315 tradatur

197 1341 200 1354 ¹
237 1333 296 1388 noir
310 1329 493 1407 indiligenter,
525 1327 606 1390 Vale.

249 1575 255 1622 κ
488 1503 752 1554 ΕΡΗΤΟΗ
787 1504 871 1557 111.‘

405 1659 607 1720 mancus
634 1665 673 1738 Q.
699 1661 886 1732 ararat
914 1661 945 1730 s.

238 1831 598 1938 OCcunartouuu
621 1847 747 1893 mearum
762 1832 812 1892 tibi
826 1831 933 1908 signum
949 1831 998 1922 'iit
1018 1833 1116 1922 librarii

312 1925 419 1968 manus.
457 1909 543 1967 Diem
558 1907 625 1966 serto
641 1907 694 1966 elle
710 1907 834 1980 nullum,
854 1927 912 1986 quo
928 1907 976 1968 dre
991 1927 1057 1970 non
1076 1911 1114 1970 dt·

236 2001 300 2045 cam
313 2003 364 2061 pro
380 2003 439 2048 reo.
464 1987 525 2056 ita,
545 1983 679 2061 quidquid
701 1985 846 2056 conficio,
872 1998 920 2048 aut
939 1986 1068 2062 cogito,
1086 1989 1116 2047 iu

1055 2083 1114 2124 am·

268 2229 307 2276 ar.
325 2221 355 2264 „A
365 2217 469 2264 Memmio
479 2216 612 2276 Domitian]
631 2215 781 2266 candidatus
790 2217 805 2266 a
815 2216 953 2267 candidato.
977 2215 1114 2266 absolutum

235 2279 328 2331 constat
339 2313 347 2337 ,
360 2281 417 2343 quia
426 2275 507 2326 consui
517 2278 562 2326 ibit
572 2293 637 2328 anno
652 2282 765 2342 proximo
777 2293 832 2330 cum
846 2277 960 2340 Meliaila
973 2294 980 2326 a
998 2295 1047 2328 nec
1064 2286 1113 2330 Du·

235 2343 330 2392 mitium
343 2341 432 2400 modo,
447 2339 487 2391 ¹sed
500 2355 585 2390 omnes
612 2342 667 2393 lane
678 2344 825 2393 candidatos.
859 2357 916 2393 uam
927 2343 954 2390 iu
965 2341 1057 2392 ultima
1067 2343 1112 2407 epi·

234 2403 309 2462 stola,
326 2407 467 2468 Meffiallam,
482 2405 559 2468 inquit
573 2357 643 2466 ,fem
657 2407 750 2467 nestrum
765 2406 898 2472 reliquique
915 2403 1016 2466 mulestii
1035 2409 1112 2453 leuaret

233 2471 365 2516 vehentem
375 2470 463 2532 gaudeo.
497 2479 537 2516 aut
547 2468 618 2530 igitur
627 2469 662 2525 is,
678 2471 719 2534 qui
729 2465 843 2520 exsulavit
854 2469 956 2520 Athenis
972 2501 980 2525 ,
997 2469 1031 2516 ad
1042 2483 1111 2533 quent

232 2528 759 2594 scribunturlciceroneepistolelib.1³am.
772 2546 836 2582 xrrr.
852 2535 911 2582 alius
928 2533 1067 2580 Memmius
1080 2531 1111 2580 eli

232 2593 399 2654 (meminimus
414 2606 493 2642 autem
510 2593 575 2672 supra
591 2607 688 2660 quoque
704 2595 734 2646 de
749 2593 840 2645 duobus
850 2593 995 2650 Memmiie,
1008 2607 1111 2658 quorum

231 2653 641 2770 Etga'iqugoprdateragtnaffisfiaerlrtfiamz
658 2669 710 2718 aut,
727 2657 745 2708 fi
762 2658 801 2708 bie
811 2657 858 2718 eii,
874 2657 955 2724 postea
970 2656 998 2706 iu
1015 2659 1068 2712 aiio
1080 2661 1111 2722 iu·

282 2734 298 2768 0
343 2735 357 2766 n
416 2734 431 2766 n
486 2753 493 2769 ι
546 2755 553 2770 .
588 2737 647 2771 ente.

264 2797 302 2840 42.
320 2783 529 2842 Cesarisaduentu.]
558 2788 587 2831 ln
598 2781 699 2834 urbemi
721 2782 841 2834 minime:
862 2783 919 2848 quia
934 2797 993 2848 curn
1008 2785 1113 2850 imperio

193 2862 203 2872 “
232 2846 311 2900 Cesar
325 2862 387 2904 erat3
405 2859 479 2895 nemo
490 2859 569 2896 autem
580 2861 635 2897 curn
647 2848 747 2910 imperio
757 2847 840 2897 urbem
850 2846 986 2903 introibat,
1003 2849 1109 2914 exceptis

232 2910 276 2974 qui
286 2908 473 2974 triumphabant,
494 2924 597 2973 quorum
608 2910 661 2974 ipso
668 2910 781 2973 triumphi
788 2911 827 2960 die
836 2909 964 2960 finiebatur
974 2909 1109 2974 imperium.

234 2974 275 3024 Ad
285 2972 386 3023 urbemi
407 2988 437 3021 ne
454 2973 477 3023 id
490 2972 606 3037 quidem:
627 2971 741 3038 praefeilis
757 2975 822 3023 euim
836 2974 1017 3038 prouinciarum
1033 2973 1112 3040 egredi

253 3038 361 3086 rouinciae
372 3038 481 3085 terminis
494 3051 543 3085 uon
556 3035 655 3086 licebat:
673 3038 699 3087 be
709 3037 835 3101 provincia
847 3036 932 3085 Galliae
943 3070 951 3092 ,
964 3049 1049 3107 quam
1062 3043 1112 3087 Ce-

232 3085 814 3228 ntruettrirtnrttatunatti·
826 3099 1113 3227 ,retardare

231 3221 329 3279 ualebat,
345 3238 395 3271 non
411 3197 494 3273 ta’men
509 3221 633 3284 uniuersa,
655 3223 694 3274 sed
709 3197 811 3274 colonia}
829 3237 924 3274 tautum
943 3229 1069 3276 Romana
1088 3229 1111 3276 ἃ

232 3284 370 3348 municipia.
401 3287 554 3348 quodetiam
571 3287 674 3338 diximus
689 3290 715 3336 in
731 3301 863 3338 comment.
880 3303 917 3352 ep.
933 3304 954 3344 r.
979 3289 1023 3339 lib.
1044 3307 1067 3340 r.
1084 3288 1113 3338 ad

232 3353 285 3396 Art.
299 3347 335 3396 his
348 3347 419 3410 igitur
430 3349 460 3396 ad
470 3350 569 3399 comitia
579 3350 728 3401 venientibus
738 3349 792 3401 fore
802 3349 906 3416 sperabat
919 3355 1072 3414 Memmius,
1087 3365 1112 3402 ut

232 3407 583 3474 acebrecommendaretuta
597 3412 668 3478 florui
679 3412 759 3477 illud,
780 3425 806 3474 ut
821 3447 831 3476 ‚
847 3427 902 3474 cum
916 3418 1111 3492 peragendorum

1046 3495 1105 3542 COR·
