2298 3854
154 191 161 201 ,
226 129 420 196 Lr'nea
460 133 740 203 Purnruss
817 147 902 220 '2045

30 237 164 298 omnibus
186 236 322 309 debente,
341 241 474 314 praeterea
494 258 553 300 non
574 241 615 300 isti
634 243 783 302 hominum
807 243 902 315 generi

27 313 296 390 praecipuddebere
320 317 461 388 videmur,
481 331 537 384 ut,
556 334 677 393 quorum
698 319 841 394 praeceptis
860 317 904 375 su-

26 407 97 477 mus
111 390 235 459 eruditi,
246 391 317 468 apud
331 411 380 452 eos
394 393 481 470 ipsos,
500 395 576 472 quod
596 394 630 453 ab
650 396 682 453 iis
703 394 903 462 didicerimus,

26 467 155 528 velamus
167 485 341 542 expromere.
890 513 891 522 ,

69 541 109 600 Χ.
128 545 266 614 Ardua
287 561 375 602 rnen
395 545 509 624 quidem
530 547 655 623 princeps
679 547 782 621 ingenii
808 546 838 604 ἃ
851 546 902 605 do·
928 571 964 631 23

17 617 131 680 'striaae
144 619 221 678 Plato
247 633 307 679 turn
322 622 442 698 denique
466 625 527 681 sore
542 623 631 682 beatas
650 623 811 698 respublicas
824 635 902 696 puta·
945 655 954 692 ς

25 697 92 763 vit,
113 694 134 754 st
157 709 204 754 aur
224 695 301 756 dodi
325 714 358 756 ac
378 698 508 774 sapientes
520 699 650 770 homines
671 717 715 756 eas
736 714 830 772 regere
844 715 903 756 cre·
929 703 933 709 '

24 768 157 846 piffent;
175 772 188 817 s
193 783 239 832 aut
253 773 345 848 ii,qui
365 788 507 849 regerent,
526 792 613 833 omne
634 773 711 832 suum
733 773 856 832 studium
871 775 923 835 inf
937 786 1048 836 rums.
1125 827 1129 834 .

22 846 162 910 doetrina-
179 857 212 906 at
238 847 367 925 sapientia
402 848 585 912 collocassent.
622 851 706 908 Hanc
725 851 899 925 conjunctio-
909 849 1002 924 ΜΡ·
1033 909 1039 921 ,

23 941 101 982 nem
127 923 256 984 videlicet
273 925 409 1001 potestatis
429 943 461 985 ac
481 927 619 1002 sapientiae
642 924 718 984 saluti
739 926 842 984 censuit
862 915 1049 996 (portauerant,

23 999 162 1060 vitatibus
182 997 235 1059 esse
257 997 354 1076 posse:
374 1002 453 1079 quod
473 999 581 1060 sortasse
602 1001 750 1078 aliquando
769 997 903 1062 universae'
996 1039 1000 1048 ·

24 1076 192 1150 reipublicae
205 1077 321 1146 nollrae,
341 1095 416 1137 nunc
430 1077 544 1154 quidem
559 1077 686 1152 prosedb
701 1077 902 1153 istiprouinciae

23 1153 169 1227 contigit,
190 1163 221 1212 ut
234 1154 255 1212 is
268 1154 297 1212 in
312 1171 345 1212 ea
358 1154 495 1212 summam
516 1153 678 1230 potestatem
699 1154 833 1222 habetet,
855 1157 901 1214 cui

22 1229 55 1288 in
75 1227 205 1288 dottrma
221 1271 231 1299 ,
250 1231 294 1288 cui
314 1231 343 1291 in
365 1232 466 1290 virtute
492 1242 575 1306 atque
597 1229 769 1288 humanitate
791 1231 925 1307 speresg
940 1242 1022 1306 preci.

22 1303 153 1380 pienda,
172 1305 322 1380 plurimum
336 1305 353 1364 a
367 1307 480 1382 pueritia
493 1305 572 1364 studii
593 1301 682 1364 suisset
715 1307 745 1366 &
767 1303 994 1381 l’tempo-Pleu&
1023 1310 1045 1359 ἰ

15 1382 72 1442 ris.
115 1383 212 1456 Quare
226 1399 308 1451 cura,
326 1394 358 1440 ut
370 1384 416 1442 hie
429 1399 533 1452 annus,
553 1382 602 1458 qui
621 1381 657 1440 ad
676 1381 799 1440 laborem
818 1395 898 1440 tuum
908 1371 960 1478 ξω·
998 1419 1002 1427 ·
1041 1413 1045 1426 ·

2 1513 3 1516 ,
24 1457 163 1526 accessit,
182 1458 258 1520 idem
271 1457 431 1518 adsalutem
445 1458 521 1517 Asiae
532 1469 693 1533 prorogatus
707 1441 1051 1541 essevideatur.,53‘c‘{¹1¹ss{'„

13 1545 57 1590 ,34
88 1536 208 1592 uoniam
222 1537 252 1594 in
266 1548 295 1594 te
307 1535 453 1594 retinendo
466 1534 519 1593 suit
532 1533 596 1593 Aha
609 1533 716 1592 felicior
742 1532 827 1608 quim
848 1551 899 1592 nos
909 1566 961 1604 ,um
969 1557 1020 1604 ,ως

22 1611 54 1670 in
65 1551 261 1678 {educendm
280 1608 399 1686 perfice,
417 1623 449 1669 ut
464 1607 559 1670 laetitid
572 1611 725 1684 provinciae
737 1609 902 1670 defiderium

18 1685 160 1746 nostrum
180 1687 305 1746 leniatur.
341 1688 472 1756 Etenim,
486 1685 507 1744 si
520 1687 548 1744 in
564 1685 777 1760 promerendo,
803 1697 834 1746 ut
854 1687 903 1746 tibi

21 1763 101 1824 tanti
116 1763 238 1824 honores
253 1763 433 1833 haberentur,
454 1763 584 1838 ”quanti
598 1761 671 1820 haud
683 1761 740 1820 scio
754 1779 790 1820 an
810 1765 917 1828 membr
933 1777 1052 1844 Equidem

21 1842 74 1910 ni,
97 1838 174 1901 suilli
193 1839 322 1898 omnium
344 1839 581 1915 diligentissimus:
607 1836 708 1898 multo*
723 1837 858 1913 majorem
872 1840 902 1900 in
910 1844 962 1892 aur.

1 1972 2 1978 ,
20 1917 68 1976 his
86 1916 243 1974 honoribus
255 1915 364 1978 tuendis
380 1917 508 1975 adhibere
529 1913 697 1988 diligentiam
722 1914 813 1974 debes.
853 1914 903 1974 rffl
931 1923 967 1979 24

20 1991 152 2070 quidem
167 1989 202 2050 de
216 1992 266 2050 isto
280 2008 383 2066 genere
402 1995 543 2052 honorum
563 1990 631 2064 quid
659 1989 785 2053 sentirem
813 1989 901 2066 scripsi
954 2017 1004 2082 ps

21 2070 60 2128 ad
78 2081 109 2128 te
124 2069 221 2128 ¹‘ante
240 2068 348 2142 semper
360 2069 540 2143 eosputavi,
559 2064 840 2142 livulgatesessent,
859 2043 1043 2142 vi·ccxc{31.'

19 2145 91 2206 les:
120 2143 290 2219 stremporis
310 2143 389 2202 causd
409 2144 636 2204 constituerentur
661 2143 734 2202 leues
751 2163 761 2201 e
798 2142 1012 2204 srverbkantea
1039 2157 1043 2166 ·

21 2223 68 2297 (id
85 2219 170 2298 quod
183 2221 222 2280 ita
234 2219 337 2279 nuum
353 2221 403 2294 est)
416 2220 519 2278 meritis
532 2218 584 2276 tuis
596 2219 794 2294 tribuerentur,
814 2215 961 2278 crissi-⁶¹55·
981 2283 983 2291 ,
1037 2226 1042 2242 ’

20 2298 149 2376 mabam
163 2295 279 2357 multam
299 2295 347 2356 tibi
366 2298 407 2356 in.
417 2297 458 2356 his
472 2291 645 2354 ¹honutibus.
658 2293 767 2356 tuendis
788 2311 901 2370 operam
912 2295 926 2358 1,
941 2286 1056 2363 nonoffla
1136 2313 1139 2318 ·

20 2373 84 2436 elle
100 2372 274 2449 ponendam.
313 2373 425 2448 Quare,
440 2371 572 2447 quoniam
593 2372 622 2429 in
641 2371 694 2428 illis
708 2369 814 2428 urbibus
837 2387 900 2429 curn
911 2361 1014 2448 ΜΨ
1034 2417 1061 2452 2.

19 2451 149 2510 summo
167 2448 285 2523 imperio
317 2451 348 2506 δι
371 2447 504 2524 potestate
525 2444 657 2520 versaris,
684 2446 826 2522 inquibus
845 2423 988 2506 tuasL'm‘·

14 2529 151 2586 ,virtum
173 2522 376 2582 ³⁶consecratas
401 2526 432 2583 ἃ
454 2524 519 2581 trin
541 2521 658 2580 deorum
674 2529 800 2580 ‘nurnero
816 2522 905 2582 eollo

20 2615 105 2663 caras
120 2599 198 2659 vides
207 2601 263 2658 tin
277 2601 406 2660 omnibus
419 2599 515 2670 rebus,
533 2611 628 2678 mquas
639 2599 753 2670 statues,
773 2614 841 2678 quas
855 2598 904 2677 de·
911 2595 1055 2709 {28⁶qu

198 2709 202 2718 .
845 2693 904 2746 cet.
957 2696 964 2712 ·

60 2848 105 2888 34,
122 2829 236 2893 Qoniam
252 2847 277 2878 rte
292 2831 316 2878 in
330 2842 350 2878 rr
367 2833 474 2890 rutinense
487 2831 537 2891 fuit
552 2831 613 2890 ,Asta
624 2830 732 2890 felician]
762 2835 798 2880 lta
812 2829 907 2895 legebat
991 2845 993 2849 ’

20 2896 150 2955 Ἑιέῐμιιε.
168 2894 197 2952 δι,
205 2846 280 2952 inlqatt,
291 2893 342 2954 surr
357 2902 446 2942 cetram
462 2925 470 2950 ,
497 2895 558 2956 juris
569 2895 693 2956 aquatilem
706 2909 776 2954 tenere
785 2897 904 2949 rationem,

20 2955 79 3006 sine
91 2948 220 3020 copularat.
234 2953 311 3005 Urfin.
344 2957 496 3020 Quoniamque
507 2956 599 3021 praefert
609 2956 682 3008 etiam
693 2953 834 3018 Malaspina.
888 2969 896 2994 ’-

59 3037 73 3075 3
79 3035 104 3078 5.
122 3021 211 3080 amri
224 3021 283 3066 hand
293 3021 338 3080 scio
352 3036 382 3066 an
398 3022 502 3078 nemias]
531 3019 642 3070 Similiter
657 3020 751 3081 Papirio
765 3022 846 3074 Paeto,
862 3017 903 3069 rib.

19 3081 100 3150 epist.
113 3081 147 3130 ad
158 3086 302 3142 Varronem:
320 3084 423 3144 Contingit
432 3085 489 3130 enim
498 3083 559 3139 nbi,
574 3082 631 3145 quod
647 3083 705 3128 haud
716 3082 760 3142 fiio
775 3097 804 3126 aa
815 3083 905 3131 nemini.

19 3161 73 3213 pro
85 3159 136 3203 eo,
150 3139 217 3206 quod
232 3143 265 3192 est
275 3145 326 3195 ulli.
353 3143 496 3208 Malaspina.
659 3199 661 3202 ,
774 3197 776 3200 ,

58 3215 105 3270 36.
123 3205 274 3268 conscensa]
288 3211 318 3256 Et
329 3209 417 3259 Graecis
427 3209 452 3256 dt
463 3206 582 3256 Romanis
592 3219 645 3254 mos
656 3203 714 3262 suit,
729 3203 773 3254 illa
783 3239 791 3264 ,
806 3219 905 3272 propter

18 3286 82 3335 quae
95 3267 168 3330 datm
178 3267 271 3318 bomini
281 3267 402 3318 adscensus
413 3271 439 3318 iu
448 3273 551 3326 eoelum,
567 3282 673 3318 mentem
684 3303 692 3326 ‚
707 3269 819 3332 pietatem
830 3303 837 3326 ,
853 3272 905 3320 vir-

16 3347 129 3387 tutem,
139 3329 219 3394 'sidem
227 3332 320 3388 colere,
336 3345 464 3395 earumque
473 3332 569 3382 laudum
581 3331 676 3382 delubra
686 3331 779 3384 babere.
813 3337 844 3382 Ut
854 3331 904 3396 ipse

18 3397 96 3446 libro
112 3392 146 3442 de
161 3399 219 3458 Lep.
231 3409 263 3445 rr.
287 3397 312 3444 bc
328 3393 358 3443 de
373 3398 432 3446 Nat.
448 3399 521 3447 Deor.
537 3409 569 3445 rr.
591 3385 707 3456 telana„
727 3395 804 3444 Graeci
824 3407 904 3444 autem

16 3457 110 3511 etiam
120 3458 180 3509 certi
190 3457 294 3526 mudule
303 3456 569 3522 virtutimpuimeatum
577 3455 719 3526 ponebant,
734 3457 806 3523 idque
821 3453 904 3566 consea-

43 3532 46 3537 ⁷
65 3559 69 3568 ,
837 3529 840 3536 ·
859 3530 883 3567 tr
899 3539 910 3552 ·
