2300 3834
226 84 714 161 Lanuuini-non
838 101 921 180 '2053‘

37 196 154 256 'tissimus
167 194 245 259 fuisse
259 196 393 258 videatur.
431 195 464 256 Id
478 197 608 257 facillime
624 201 724 270 facies,
744 199 763 259 fi
785 217 833 258 me
861 203 919 276 (cui

35 271 147 348 stmper
169 274 217 332 uni
238 291 283 332 ma
302 275 324 332 ir
349 274 436 350 quim
452 275 582 332 universis
608 277 715 350 placere
736 276 856 354 voluisti)
875 290 918 336 te*
1014 311 1017 316 ·

36 365 106 406 curn
121 349 227 423 semper
248 368 263 408 e
286 368 302 407 e
323 351 452 424 putabis,
473 351 503 408 δι
524 352 652 410 omnibus
675 353 706 410 iis
727 355 806 413 rebus
820 375 836 423 ,¹
848 369 916 430 quas

36 423 114 482 dices
141 442 173 484 ac
199 425 299 493 saties,
317 423 451 486 interesse.
490 426 641 503 Reliquum
656 428 710 497 ert,
730 440 761 487 ut
775 440 804 486 te
820 447 912 499 orem,

35 512 69 565 ut
89 499 253 564 rvautudini
266 513 360 572 tue,
386 503 407 562 fi
427 519 475 562 me
495 503 525 567 δι
546 505 609 562 tuos
623 521 723 565 omnes
736 504 827 566 valere
846 505 1040 578 visi,r‚v31em-j

35 575 242 652 dffigentiffimd
256 577 363 640 servias·
597 605 599 612 ·
641 602 643 606 ’
798 589 802 601 ··
921 563 972 617 dtur
981 572 1033 631 elis,

230 768 231 774 ¹
310 751 644 804 errsrotarr.
794 766 814 802 r

102 993 105 998 ,
197 904 407 1020 ’,ΜΑῐωυε
441 934 479 1008 Q.
505 927 690 1002 rnannr
733 929 760 988 a.

1 1129 2 1133 ,
30 1082 58 1143 1.
82 1080 205 1196 STan
215 1101 274 1142 rus
294 1081 328 1142 ad
342 1101 389 1142 me
403 1083 480 1144 venit
494 1080 930 1150 ⁸a,d.'v111.kaiend.N0vemb,³
945 1103 989 1149 ,nr
1005 1121 1046 1152 non

135 1159 193 1234 ejus
205 1155 441 1238 adventus,quod
455 1159 492 1222 ita
506 1157 625 1233 scripsisti
635 1157 788 1234 ,direptum
803 1160 835 1218 iri
849 1172 877 1219 te
892 1161 990 1222 abaco
996 1181 1017 1217 a.
1024 1165 1047 1218 d.

25 1236 107 1304 tuis,
127 1234 195 1293 dum
211 1237 233 1295 is
246 1232 345 1297 abersee
360 1277 369 1304 ,
387 1233 517 1295 molestus·
537 1234 606 1292 mihi
620 1231 692 1296 suit,
721 1245 746 1288 53
757 1234 846 1312 Quod
860 1254 923 1294 au»

26 1325 98 1378 tem
114 1310 346 1386 exspectationem
374 1311 414 1369 tui
441 1309 662 1385 concursumque
677 1328 742 1369 eum
759 1353 767 1380 ,
787 1313 907 1388 quierat

26 1389 161 1455 futurus,
180 1387 201 1446 s1
215 1387 270 1448 und
284 1385 379 1446 tecum
395 1386 558 1455 decederet,
578 1403 670 1465 neque
685 1385 766 1446 antea
780 1387 849 1445 uisus
867 1388 907 1446 es·

19 1463 94 1534 set,
112 1462 230 1534 sustulit,
249 1464 278 1525 id
292 1463 359 1525 mihi
380 1481 439 1522 non
461 1461 645 1522 incommode
665 1462 754 1522 visum
776 1462 813 1521 est
833 1466 906 1523 acci·
945 1464 971 1511 P·
993 1467 1020 1515 B·

23 1535 109 1599 disse.
118 1539 268 1598 Exhaustus
276 1541 352 1600 enim
361 1539 398 1598 est
405 1538 494 1598 sermo
501 1539 662 1606 hominum,
672 1540 701 1598 &
710 1547 720 1580 ²
728 1538 819 1598 multis
827 1539 905 1600 emis·
914 1555 930 1591 t·
941 1543 1022 1594 multa

19 1615 69 1676 ‘sae
81 1615 144 1692 jam
159 1615 297 1690 eJusmodi
311 1632 395 1681 voces
413 1616 560 1686 ,renim
573 1613 628 1677 eret
641 1615 792 1690 euadere
807 1619 906 1688 μέγαν,
913 1608 1002 1658 Manen

61 1863 76 1905 ς
83 1860 106 1902 3.
122 1847 190 1908 Qud
198 1851 289 1904 autem]
304 1847 372 1912 Qed
382 1848 434 1894 item
443 1845 555 1896 Fa‘e‘rnus.
588 1845 662 1904 Ueste.

14 1913 18 1946 ί
60 1926 104 1966 54·
123 1910 301 1958 A'm’o'atrene
316 1911 419 1965 erinen'
441 1905 905 1968 enttsemistieh'rumesiHomeriealib'.

19 1987 50 2022 x.
72 1967 202 2034 Odysseae‚
228 1927 440 2035 pronunciatum}
454 1973 625 2047 Polyphemo,
645 1985 699 2018 cum
716 1969 790 2026 verb,
806 1973 907 2022 nomine

50 2032 125 2097 ryffis
136 2035 231 2091 audito,
246 2032 380 2082 recordatus
390 2033 424 2082 est
433 2032 476 2083 fibi
486 2037 546 2084 olrm
556 2033 571 2082 a
583 2033 701 2085 Theiemo
709 2044 764 2081 vate
773 2031 834 2082 hanc
845 2035 910 2084 cala·

55 2100 148 2146 itatem
158 2095 360 2160 prefignificatam
370 2094 431 2146 esse:
466 2096 513 2145 ubd
526 2111 608 2146 tannen
624 2111 679 2160 eum
695 2095 787 2158 decepit
806 2096 910 2146 insidiis·

18 2177 39 2224 q
62 2175 80 2208 e
101 2157 234 2222 expositum
249 2158 351 2208 reddidit
370 2156 438 2208 suiffe
448 2111 526 2215 dicit,
546 2155 612 2222 quod
630 2172 752 2220 nunquam
762 2158 863 2222 putasset
879 2161 911 2209 il·

15 2227 84 2275 lum
97 2219 202 2283 Ulyssem
215 2218 262 2270 effe
272 2233 322 2270 tam
332 2236 407 2295 parvo
418 2237 517 2286 corpore
533 2223 559 2270 δι
574 2233 626 2268 tam
643 2220 714 2268 nullis
729 2219 814 2268 viribus
826 2221 910 2285 praedi·

18 2299 101 2338 tum:
119 2282 158 2332 sed
169 2281 259 2349 semper
269 2283 292 2333 se
301 2281 440 2334 existimasse
452 2299 567 2348 magnum
578 2283 716 2348 quempiam
728 2283 804 2330 virum
816 2287 840 2332 &
856 2285 910 2334 sor·
969 2298 971 2301 ’

17 2348 130 2401 mosum
141 2346 197 2395 illue
207 2357 346 2403 venturum,
366 2345 440 2410 aquo
450 2345 493 2396 sibi
511 2345 646 2396 timendum
658 2343 713 2394 esset
725 2378 732 2401 ,
748 2344 814 2403 quod
830 2348 906 2395 statio

13 2409 260 2480 pulchreeonveuit.
293 2423 349 2459 cum
359 2411 424 2460 enim
434 2415 520 2460 Rome
529 2409 611 2460 multis
622 2405 700 2458 se‘rmo
709 2405 786 2456 suisset
804 2410 908 2460 Statium

12 2471 156 2542 quendam
165 2471 230 2530 esse,
246 2473 287 2536 qui
297 2484 392 2524 tanturn
401 2473 463 2537 apud
478 2472 595 2534 Quintum
612 2468 707 2536 posset,
722 2481 748 2518 ut
759 2471 808 2532 ejus
820 2472 908 2520 voiun-

14 2551 83 2592 tate
105 2535 189 2584 omnia
211 2535 237 2584 in
251 2536 372 2599 provincia
389 2548 498 2600 generet:
515 2532 731 2596 existimassentque
747 2547 831 2585 omnes
846 2533 910 2585 hunc

1 2634 10 2644 .
37 2595 176 2652 rudentem
189 2599 326 2663 quempiam
337 2598 414 2648 virum
428 2597 475 2649 esse
491 2600 516 2649 se
534 2601 616 2662 magni
632 2595 742 2645 consilii:
759 2611 813 2646 eum
828 2598 910 2660 postea

25 2658 163 2730 peciosum
178 2674 276 2722 puerum
291 2659 421 2719 vidissent,
442 2677 545 2726 eumque
559 2659 605 2712 esse
622 2658 786 2724 cognovissent
806 2663 908 2712 statium

11 2729 117 2782 illum,
134 2723 198 2784 euius
208 2735 290 2773 nutum
301 2724 386 2772 eunden
397 2727 518 2787 prouincia
529 2723 666 2774 observabat
679 2756 686 2778 ,
711 2723 735 2772 se
748 2736 820 2772 tantae
830 2723 908 2774 stulti·

11 2794 63 2845 15ae
79 2784 226 2837 damnantes
235 2784 414 2836 insententiam
425 2786 551 2836 verbomm
561 2787 701 2850 Polyphemi
714 2783 848 2842 cadebant,
864 2802 908 2850 pa-

10 2857 87 2906 ritet
99 2859 126 2898 ut
138 2848 198 2904 ilie,
211 2847 322 2912 decepti:
356 2861 398 2896 uas
412 2864 497 2898 omnes
511 2863 582 2898 voces
593 2851 685 2908 Quinto
701 2846 796 2896 absente
813 2849 907 2898 emissas

12 2913 94 2968 esse,
111 2911 243 2974 omniaque
252 2926 281 2961 ea
291 2925 337 2960 con
364 2911 401 2959 &a
411 2924 466 2961 ante
483 2910 611 2960 adrentum
629 2913 693 2971 ejus,
704 2910 795 2958 latratur
806 2912 907 2960 cicero:

11 2975 112 3038 magis
127 2973 193 3021 enim
204 2972 326 3024 ,timendas
341 2972 409 3022 fuisse
424 2973 604 3022 malevolorum·
614 2974 721 3084 lindum
734 2970 752 3018 fi
764 2972 811 3020 und
827 2971 906 3024 secum

13 3045 105 3094 ilium
116 3033 230 3084 duxisset:
248 3049 292 3084 nec
309 3049 379 3084 antea
394 3041 480 3086 Rome
496 3051 552 3100 puer
567 3036 609 3084 ille
621 3036 643 3084 vi
670 3049 680 3084 s
697 3031 773 3082 esset:
795 3036 908 3098 quicquid

11 3105 97 3156 enim
109 3099 157 3148 dici
172 3111 282 3161 poteret,
305 3097 370 3161 quod
385 3105 418 3164 Q
433 3098 548 3163 pudorem
562 3097 682 3152 adferret,
704 3097 752 3156 jam
767 3098 906 3150 exhaustum

10 3179 90 3219 erat.
126 3162 215 3210 Scimus
226 3159 348 3210 Erasmunr
359 3162 426 3212 aliter
436 3161 466 3211 de
481 3161 597 3210 hocloco
612 3157 704 3209 senfisse
713 3160 738 3206 in
755 3161 903 3211 Proverbiin:

9 3243 71 3282 nec
87 3237 174 3274 tamen
183 3223 251 3272 veriti
261 3223 338 3272 sumus
348 3224 452 3274 nostram
464 3224 604 3274 sententiam
616 3222 689 3272 libere
699 3233 782 3270 contra
792 3227 853 3272 tanti
860 3227 903 3275 uiri

6 3289 147 3359 judicium
157 3299 288 3348 exponere,
301 3288 356 3349 quia
368 3289 484 3338 veriorem
500 3299 553 3334 eam
567 3299 676 3350 putamus
688 3301 695 3334 e
710 3297 759 3334 tam
771 3299 850 3334 autem
862 3302 903 3334 ve-

6 3352 105 3418 nstatis
129 3349 200 3396 amici
219 3347 296 3401 suanus
312 3349 386 3414 quem
401 3351 444 3416 qui
464 3349 577 3400 maxime.
601 3351 679 3402 thor.
711 3349 811 3400 Homeri
828 3349 904 3398 versae

6 3409 204 3484 {ntegtisuutt
881 3467 885 3474 .

84 3483 88 3494 ⁸
447 3478 553 3552 Pissis
569 3490 581 3536 Ξ
831 3473 908 3528 A'id*
